3292 5292
219 256 296 341 tot

211 454 287 523 biles
304 472 402 540 patna
424 456 591 539 aaaaplmua
612 459 675 525 tuna
697 454 968 521 audentestfeornm
982 460 1045 522 tom
1060 453 1202 523 laieorum
1216 451 1371 529 bominum
1382 452 1487 545 auius-

210 564 266 630 qua
289 542 452 628 dignitatis,
484 544 612 625 ordinis,
645 544 757 627 medua
785 551 815 609 et
837 544 1020 610 conditionis
1040 544 1172 612 Litteras
1194 545 1324 611 adama
1352 546 1486 611 sentenia
1527 621 1530 626 ,

208 632 424 700 οιοΙιοΙίοοιοοο
444 632 578 697 millibus
600 634 796 715 subsoriptes,
829 635 935 718 quibos
963 634 1025 718 ipsi
1051 632 1170 699 filialem
1201 653 1285 699 suam
1315 654 1389 718 erga
1409 635 1489 711 Nos,-

207 730 240 788 et
261 724 336 787 bauo
359 721 439 788 Petri
452 720 642 799 ,Gatiedram
665 721 851 787 devotionem
880 741 916 786 ιο
942 726 1163 789 venerutIonem
1189 724 1353 789 luculenter
1374 722 1486 789 eonfr-

208 819 300 893 mant,
330 810 532 884 rebellionem,
566 804 711 895 adsusquo
741 816 773 873 in
803 808 958 877 nonnullis
988 810 1110 876 Nostris
1139 812 1305 878 Provinciis
1335 813 1487 877 admissos

210 902 399 967 venementer
422 899 611 983 detestantes,
636 902 719 965 Beati
741 900 823 963 Petri
844 902 1055 985 patrimonium
1078 902 1200 973 omnino
1222 903 1370 985 integrum
1385 901 1487 966 invio-

212 992 359 1074 latumque
390 989 579 1069 servandum,
610 996 699 1073 atqua
727 986 764 1053 ab
794 993 878 1054 omni
899 987 1007 1074 injuria
1030 988 1247 1056 defendendum
1269 1010 1337 1055 esse
1359 997 1486 1055 eonten-

210 1078 304 1165 dunte
333 1074 374 1143 'ex
396 1079 500 1163 qulbus
522 1079 643 1161 insuper
664 1096 725 1141 uon
746 1080 834 1161 pauei
855 1078 886 1143 id
908 1080 1015 1162 ipsum,
1044 1078 1172 1161 vulgatis
1193 1078 1331 1163 apposite
1352 1083 1487 1164 seriptis,

211 1167 301 1233 doute
322 1167 529 1252 sapienterque
551 1186 716 1231 asseruere.
763 1162 848 1247 Quae
869 1165 1040 1253 praeolarae
1061 1175 1188 1241 vestrae,
1210 1188 1246 1231 ae
1267 1167 1397 1233 bdelium
1415 1172 1486 1252 sig-

211 1256 407 1331 nibeationes,
430 1256 511 1321 omui
534 1264 614 1319 eerte
635 1254 730 1338 laude
745 1273 780 1319 ao
801 1257 1021 1339 praedieatione
1043 1256 1229 1322 denotandae
1250 1260 1292 1321 ita
1310 1257 1376 1323 Nos
1398 1273 1487 1322 nom·

210 1354 376 1422 moverunt,
408 1354 440 1409 ut
473 1366 533 1409 uon
556 1348 747 1429 potuerimus
779 1365 840 1408 uon
861 1347 937 1409 laeto
959 1347 1153 1422 exclamaret„
1170 1344 1379 1422 ,benedicten
1399 1346 1509 1413 nou.

207 1434 307 1500 Pater
342 1432 472 1500 Domini
507 1433 620 1499 Noalrn’
653 1430 730 1499 bean
766 1432 893 1512 Cbaiati,
929 1433 1311 1508 Paterniaen'eordiutron
1339 1440 1372 1501 et
1399 1434 1488 1503 nero

210 1527 311 1597 tofina
339 1521 567 1600 consolationis,
599 1520 656 1607 qni.
681 1520 859 1611 oonaolotur
886 1523 950 1589 Noa
977 1526 1010 1589 in
1031 1526 1113 1588 oneri
1134 1522 1327 1591 tribulatione
1348 1528 1487 1590 noetrn.“

211 1612 294 1679 Nihil
318 1616 396 1679 enim
418 1614 517 1679 Nobis
540 1614 618 1677 inter
641 1615 845 1695 gravissimas,
868 1615 974 1697 quibus
996 1618 1170 1696 premimur,
1193 1616 1346 1698 angustias
1360 1614 1485 1697 gratius,

211 1702 286 1767 nibil
304 1699 465 1788 jusundius
490 1701 627 1785 nihilque
657 1702 879 1786 optatiusesse
900 1711 1017 1786 poterat
1038 1722 1124 1786 quam
1146 1706 1254 1769 intueri
1277 1723 1333 1788 quo
1355 1721 1485 1768 ooneor-

207 1790 332 1858 dissimo
346 1799 449 1876 ‘utque
485 1789 654 1855 admirabili
688 1790 789 1855 studio
816 1792 882 1855 Vos
910 1789 1032 1875 omnesss
1064 1793 1256 1857 Venerabiles
1284 1793 1414 1871 Fratres,
1446 1790 1487 1856 ad

208 1879 298 1965 nujus
329 1882 360 1949 Β.
385 1880 471 1945 Sedis
496 1878 566 1967 jura
594 1880 718 1944 tutanda
745 1880 868 1944 animati
898 1888 928 1943 et
956 1880 1068 1945 incensi
1097 1880 1183 1960 estis,
1220 1889 1251 1957 et
1276 1901 1334 1967 qua
1362 1885 1485 1964 egregia

180 1986 181 1997 ¹
209 1968 361 2034 voluntate
384 1968 486 2035 fideles
510 1989 596 2035 aurae
618 1980 736 2035 vestrae
758 1970 864 2033 traditi
882 1974 914 2033 in
937 1968 1066 2053 idipsum
1088 1968 1271 2054 conspirant.
1294 1971 1339 2035 Αο
1352 1991 1407 2054 per
1421 1971 1486 2036 Vos

209 2060 268 2141 ipsi
298 2057 346 2124 vel
381 2060 469 2125 faeile
500 2053 680 2140 rogitatione
708 2063 830 2143 assequi
860 2060 988 2141 potestis
1023 2078 1107 2143 quum
1145 2059 1334 2125 vehementer
1362 2067 1487 2142 paterna

207 2148 320 2214 Nostra
351 2144 385 2213 in
413 2151 486 2223 Vo's,
525 2156 610 2232 atque
640 2149 671 2211 in
702 2150 782 2231 ipsos
814 2146 977 2214 ratbolioos
1014 2146 1221 2213 benovolentia
1255 2149 1360 2213 merito
1398 2157 1486 2233 atque

206 2239 320 2323 optimo
340 2236 409 2326 jure
431 2243 463 2301 in
486 2237 551 2302 dies
573 2245 724 2321 augeatur.
834 2292 837 2298 .

295 2346 374 2410 Dum
404 2366 477 2410 vero
500 2353 561 2409 tem
590 2343 745 2409 mirificum
772 2352 915 2424 vestmm,
953 2353 983 2409 et
1005 2340 1136 2409 bdelium
1166 2361 1239 2425 erga
1259 2344 1325 2410 Nos
1357 2349 1388 2407 et
1409 2342 1486 2411 bane

211 2435 349 2501 danettm
372 2435 479 2500 Eadem
502 2434 632 2499 studium
654 2443 684 2497 et
706 2454 791 2498 amor
804 2435 955 2516 Noatmm
965 2434 1094 2498 leniebat
1108 2433 1251 2509 dolorem,
1273 2451 1351 2498 nova
1365 2428 1487 2500 aliunde

209 2524 349 2589 distitiae
371 2524 496 2589 teremit
518 2542 616 2588 eausa.
640 2522 739 2607 ltaque
761 2524 817 2587 bas
840 2522 936 2587 Vobis
959 2523 1118 2587 seribimus
1139 2521 1279 2593 litteras,
1302 2529 1334 2586 ut
1356 2524 1388 2585 in
1409 2522 1486 2597 tanti

208 2618 351 2678 momenti
379 2634 413 2677 re
442 2618 534 2677 animi
565 2616 664 2677 nostri
686 2632 794 2677 sensus
816 2612 912 2676 Vobis
934 2611 1096 2695 inprimis
1118 2610 1214 2675 denuo
1237 2610 1389 2675 notissimi
1411 2614 1484 2679 sint·

209 2704 322 2785 Nuper,
357 2701 602 2786 quemadmodum
631 2703 733 2785 plures
763 2721 802 2767 ex
832 2702 927 2765 Vobis
951 2699 1023 2787 jam,
1045 2704 1190 2779 noverint,
1224 2720 1280 2781 per
1300 2699 1486 2781 Barisienaes

208 2793 425 2877 ephemeridas,
458 2792 562 2876 quibus
583 2790 687 2856 titulus
709 2789 914 2875 „Moniteur“‚
946 2792 1066 2872 vulgata
1087 2789 1144 2853 fuit
1167 2786 1326 2853 Gallorum
1346 2787 1484 2871 Impura-

210 2880 285 2945 toris
309 2882 453 2963 Epfstola,
484 2900 540 2965 qua
561 2880 685 2946 Nostris
708 2880 865 2963 respondit
886 2879 1022 2959 Litteris,
1039 2880 1157 2963 quibus
1179 2876 1363 2960 imperialem
1385 2875 1484 2964 Naje-

198 2978 317 3036 .stetam
348 2970 436 3036 suem
466 2974 548 3036 omni
579 2970 679 3035 studio
707 2974 889 3051 rogavimus,
926 2977 959 3034 ut
980 2968 1165 3034 validissimo
1186 2987 1241 3032 suo
1262 2967 1430 3051 patroainio
1451 2968 1483 3031 in

139 3130 141 3134 ,
209 3059 374 3125 Parisinusi
405 3058 580 3141 congressu
609 3064 755 3143 integram
783 3067 813 3121 et
843 3056 1045 3144 inviolabilem
1073 3058 1266 3141 temporalem
1288 3056 1431 3122 Nostram
1454 3064 1485 3120 et
1523 3057 1525 3060 ’

210 3148 299 3235 liujus
313 3150 447 3215 ‘Sanetus
469 3149 557 3214 Sedis
580 3148 721 3213 ditionum
744 3152 830 3225 tueri,
854 3146 999 3231 'illamqua
1021 3168 1038 3211 ι
1061 3146 1177 3211 neferis
1198 3146 1357 3218 rebellione
1379 3142 1484 3209 vindi-

209 3258 278 3303 nara
299 3237 397 3305 vellet.
421 3240 486 3303 Hae
509 3258 565 3303 suu
579 3236 716 3321 Epistola
738 3256 870 3303 summus
893 3236 1057 3319 imperator
1078 3253 1313 3300 commemorans
1336 3234 1483 3318 quoddam

211 3346 296 3393 suum
326 3330 483 3411 eonsilium
505 3328 601 3410 >paulo
632 3336 700 3392 ante
729 3326 827 3392 Nobis
853 3328 1040 3408 propositum
1071 3323 1109 3389 de
1130 3319 1292 3390 rebellibus
1314 3322 1484 3388 Pontifaiae

209 3418 338 3485 Nostrae
372 3418 494 3483 ditionis
511 3450 514 3459 ν
530 3419 695 3501 provintiis
724 3415 820 3482 Nobis
853 3414 967 3494 suadet,
1005 3423 1038 3479 ut
1066 3411 1233 3479 eurumdem
1264 3412 1484 3495 provinoiarum

208 3511 399 3590 possessioni
428 3508 601 3572 renuneiure
622 3505 755 3578 velimus,
787 3522 852 3569 eum
871 3509 902 3567 ei
925 3504 1062 3568 videatur
1081 3504 1139 3595 boo
1161 3510 1277 3570 tantum
1298 3503 1389 3587 modo
1409 3521 1484 3584 par-

188 3595 371 3661 turbationi
393 3615 481 3678 posse
503 3596 641 3664 mederi..
846 3648 850 3658 ,
1506 3599 1509 3605 '

300 3681 432 3769 Quisque
454 3694 593 3765 vestrum,
625 3681 820 3750 Venerabilea
843 3682 974 3762 Fratres,
1007 3686 1118 3766 optima
1139 3679 1289 3764 inteNigit,
1320 3681 1388 3747 Nos
1409 3698 1484 3763 gra-

208 3776 328 3841 vissimi
350 3776 442 3839 offleii
464 3776 571 3839 Nostri
593 3792 739 3839 memores
762 3773 840 3837 baud
862 3776 998 3855 potuisse
1020 3770 1111 3837 silere
1133 3790 1199 3835 eum
1222 3770 1394 3858 buJusmodi
1414 3769 1484 3851 epi·

209 3863 318 3931 stolam
341 3864 518 3947 aooepimus.
542 3864 631 3943 Hine,
653 3861 736 3929 nulla
757 3861 937 3945 interposita
951 3881 1045 3943 mora,
1068 3862 1164 3931 eidam
1179 3860 1355 3943 Imperatori
1368 3860 1484 3923 reseri-

117 4000 118 4007 1
209 3958 293 4021 bere⁴
312 3959 557 4037 properavimus,
594 3953 768 4036 Apostoliqu
799 3952 891 4015 animi
918 3955 1021 4015 nostri
1051 3952 1188 4015 libertate
1218 3948 1297 4013 oltra
1328 3956 1486 4032 aperteque

210 4043 407 4123 beoban-autes,
437 4041 523 4108 nullo
549 4044 635 4127 plane
663 4040 753 4106 modo
775 4042 841 4105 Noa
862 4058 955 4122 posse
977 4039 1043 4127 ejus
1065 4058 1194 4104 annuere
1217 4034 1359 4117 oonsilio,
1390 4056 1484 4120 prop-

212 4145 296 4201 terea
320 4133 397 4217 quod
419 4129 662 4217 „insuperabiles
684 4130 867 4212 praeseferat
888 4129 1085 4194 difdaultates
1106 4130 1222 4193 ratione
1242 4127 1344 4191 babitu
1357 4126 1486 4192 Nostrae

119 4280 121 4285 ,
211 4233 262 4305 „et
291 4222 380 4311 bujus
411 4225 535 4288 Sanutm
566 4220 654 4285 Sedis
682 4218 852 4300 Dignitatia
883 4218 1046 4302 Nostrique
1073 4219 1152 4282 seori
1181 4217 1369 4296 obaraoteria,
1398 4222 1487 4300 atque

210 4310 379 4398 „ejusdem
397 4313 486 4377 Sedis
511 4309 634 4397 jurium,
666 4328 739 4392 quas
766 4328 826 4373 non
855 4308 893 4370 ad
923 4308 1050 4395 aliaujus
1073 4308 1185 4389 tegulis
1206 4305 1339 4370 familiae
1359 4322 1486 4369 ιοοοιι-

211 4409 358 4484 „siouem
388 4402 443 4465 sed
475 4401 512 4465 ad
543 4402 645 4463 bmnes
668 4399 833 4463 natholieos
854 4398 1011 4481 pertinent,
1043 4415 1079 4459 ιο
1106 4396 1194 4460 simul
1223 4395 1353 4476 professi
1382 4412 1485 4474 sumus

138 4495 145 4514 ⁶
212 4512 295 4573 „non
316 4510 408 4574 posse
431 4511 487 4573 por
507 4492 573 4555 Nos
594 4488 660 4575 sedi
682 4480 759 4571 quod
782 4488 924 4552 Nostrum
948 4506 1007 4551 non
1028 4493 1086 4562 ast,
1107 4503 1143 4548 ao
1164 4485 1253 4568 plane
1274 4504 1301 4551 a,
1314 4481 1412 4549 Nobis
1435 4487 1486 4547 in·

211 4579 339 4662 ‚rtelligi
374 4581 539 4656 viatorium,
572 4596 646 4661 quae
674 4577 817 4641 Aemiliae
847 4572 1052 4659 perduellibus
1081 4575 1205 4639 ooneedi
1235 4571 1332 4643 vellet,
1356 4574 1485 4637 'admoto

211 4671 358 4751 „futuram
389 4669 558 4749 indigenis,
583 4668 751 4751 exterisque
779 4664 907 4730 aliarum
930 4663 1146 4747 provinoiarum
1168 4659 1425 4747 perturbatoribus
1447 4661 1486 4724 ad

212 4760 335 4841 „eadam
364 4757 519 4841 patranda,
551 4775 617 4821 oum
645 4765 800 4821 numerent
830 4772 1004 4838 prosperum
1032 4752 1182 4841 fumonem
1216 4758 1290 4838 quaa
1324 4750 1484 4817 rebellibus

214 4849 454 4937 „oontingeret.⁴‘
498 4843 694 4938 Atqueinter
715 4846 772 4915 alia
795 4845 891 4912 eidem
911 4843 1085 4928 imperatori
1110 4840 1372 4929 manifestavimus,
1403 4857 1489 4921 „nun
