3292 5292
237 283 318 377 777

249 527 253 538 ·
327 490 471 575 „liunus
509 488 671 575 inquibus
694 491 729 558 tt
750 490 787 556 de
803 491 889 557 iuste
907 489 1032 576 dupitui,
1055 470 1121 558 7777
1143 511 1204 558 777
1225 492 1320 577 possit
1340 489 1400 557 diri
1421 491 1522 567 777777

243 593 461 682 delinquam,
495 599 557 660 nisi
580 605 734 680 praesente
757 597 909 678 77777777,
943 605 1060 663 cantata
1081 594 1175 664 777777
1197 598 1235 663 77
1257 598 1444 663 8777777777
1458 599 1519 662 7777

241 720 335 786 possa
365 705 397 768 in
427 704 485 768 due
513 701 600 789 nujus
630 702 745 767 7777777
774 705 992 769 absolutionem
1023 705 1102 769 77777
1130 706 1265 770 77777777]
1293 702 1464 769 7777777777
1485 705 1521 768 in

242 806 338 892 pinno
361 806 520 884 7777777777,
544 816 667 875 omenta
691 809 807 878 Chore:
833 809 952 877 Litore
973 831 1020 876 777
1040 810 1150 877 1777777

296 959 297 965 “
331 938 384 1001 26.
408 933 476 1000 7777
497 933 647 999 daonium
669 941 777 1015 sutem,
815 935 887 1000 77777
900 937 954 1028 77
984 937 1130 1020 7777777777
1159 932 1317 1019 personum
1345 935 1386 1027 sit
1413 941 1521 998 trans-

246 1041 384 1112 77777777,
407 1038 610 1115 nihilominus,
633 1043 782 1122 generalis
805 1040 1037 1107 constitutionis
1059 1048 1119 1108 7777
1140 1044 1254 1133 obduret
1271 1039 1309 1121 4)

330 1143 408 1210 Nam
446 1148 727 1231 praeterquamquod
760 1146 824 1235 jure
861 1148 932 1214 iude
954 1148 992 1214 ab
1021 1169 1097 1214 auno
1121 1156 1206 1217 7757
1223 1145 1258 1232 ²)
1295 1144 1432 1212 obsolute
1466 1166 1521 1211 re-

242 1267 388 1334 sponsum
418 1252 537 1328 fuisset,
575 1255 776 1336 Respuusoriu
804 1257 955 1338 preadtuta
986 1253 1068 1322 777777
1088 1255 1173 1344 uredo
1192 1252 1288 1321 777777
1308 1262 1340 1320 et
1361 1252 1522 1320 7770777·-

244 1359 334 1422 7777777
357 1377 426 1424 erre
445 1358 643 1442 7777777777,
668 1367 718 1430 16.
735 1362 835 1427 martii
861 1367 946 1432 1837
968 1364 1070 1429 eadam
1093 1366 1125 1428 Β
1148 1365 1184 1428 Β.
1207 1361 1241 1428 c.
1258 1362 1374 1442 iterum,
1390 1362 1522 1425 docrevit

245 1465 470 1552 Aipolutienern
500 1469 576 1533 77777
605 1469 669 1534 deri
691 1489 751 1534 non
773 1489 873 1556 posse,
909 1489 968 1535 7777
991 1468 1129 1536 obstante
1150 1473 1281 1558 uotique
1302 1467 1522 1554 777777777777

242 1575 275 1637 77
305 1575 471 1656 7177777777
498 1573 603 1660 populi
632 1575 733 1642 777777
761 1577 884 1642 orituro
915 1577 1105 1661 Exposusrat
1132 1597 1175 1644 so.
1205 1575 1350 1660 Superior
1378 1574 1520 1667 (7777777ίί

245 1678 383 1780 07777777
415 1682 565 1747 7777777777
590 1684 628 1750 Β.
649 1681 803 1748 77777777
830 1685 869 1749 77
890 1683 1089 1752 Obseruantia
1109 1684 1248 1751 civitatis
1268 1683 1456 1761 7777777777,
1477 1683 1521 1745 ibi

247 1806 268 1854 u
290 1785 404 1870 77777777
424 1790 458 1853 77
478 1785 564 1854 ultra
583 1786 720 1857 77777777
733 1789 834 1873 vigere
854 1790 1096 1856 consuetudinem
1118 1792 1276 1855 Dounion
1293 1791 1374 1856 77777
1388 1797 1521 1855 77777777

241 1897 374 1959 omnium
404 1895 579 1960 8777777777
610 1906 679 1980 post
708 1897 834 1962 Missam
862 1897 1029 1963 7777777777
1056 1898 1234 1964 deeautandi
1264 1899 1346 1964 77777
1377 1897 1521 1962 tumulum

242 1999 276 2065 in
297 2001 396 2067 madio
419 1999 565 2067 7777777777
579 2011 710 2069 arentum
725 2005 975 2086 Responsoriurn:
997 2003 1116 2070 Litore
1129 1991 1329 2082 neonus,
1351 2023 1386 2068 77
1399 2000 1520 2066 insimul

135 2101 138 2109 ’
245 2109 432 2192 efflagitaret,
462 2116 497 2174 ut
524 2111 602 2175 77777
631 2115 728 2194 ipsam
759 2113 998 2178 cousuetudinem
1026 2112 1200 2177 serieres.
1223 2112 1257 2189 Β.
1281 2111 1317 2176 Ο.
1335 2088 1521 2188 denarraret,

244 2225 307 2280 tutu
337 2218 376 2282 777
408 2237 493 2284 suam
523 2219 737 2302 antiquitatum,
774 2228 836 2282 tum
864 2223 952 2285 atium
976 2241 1015 2284 777
1037 2221 1161 2285 nureo
1181 2213 1359 2304 7777777777
1373 2216 1522 2282 Fidulius·

240 2326 403 2407 7777777777.
447 2325 503 2390 Ast
533 2327 636 2389 suuis
668 2324 786 2390 tuendis
815 2325 924 2406 ritibus
953 2331 1118 2411 praepositi
1149 2327 1256 2393 Petrus
1282 2325 1519 2412 respondendum

243 2438 441 2496 77777777777
462 2431 609 2517 nepotis
626 2427 669 2516 ⁸).

335 2559 390 2623 tr
414 2555 460 2620 Ex
475 2557 581 2642 quibus
596 2557 684 2618 etium
700 2555 845 2624 rationem
861 2553 1004 2620 7777777777
1020 2555 1108 2642 nujus
1123 2555 1319 2647 dirempti·
1304 2574 1396 2643 Jussu
1411 2554 1522 2619 Summi

246 2661 400 2728 7777777777
421 2683 439 2725 7
462 2663 543 2732 Pru·
544 2663 765 2726 87777777778.
788 2662 826 2766 Β.
850 2662 885 2729 (7.
909 2662 947 2725 77
969 2663 1110 2777 Epieuup.
1133 2661 1322 2728 0777777777.
1354 2660 1467 2725 77777.
1490 2665 1522 2727 9.

244 2743 747 2856 7777771857,77777777777777
896 2767 906 2789 ²

334 2877 458 2951 „Utrum
482 2874 632 2947 absolutio
654 2897 711 2959 pro
733 2874 883 2940 7777777777
906 2843 986 2940 nnita
1000 2876 1100 2949 Miser
1121 2877 1184 2941 neri
1199 2881 1297 2960 possit
1311 2854 1523 2954 tantummodo,

234 2983 363 3069 Ι777777
390 2981 471 3050 77777
500 2985 557 3048 iuit
585 2984 685 3051 Missa
709 2981 905 3068 delinquis,
936 2985 984 3047 rei
1012 2992 1109 3048 utrum
1126 2984 1207 3056 neri
1235 2988 1324 3048 etium
1353 2986 1462 3064 possit,
1492 2981 1525 3044 in

247 3096 431 3176 paramentis
462 3101 560 3155 tamen
583 3090 689 3174 nigris,
722 3092 838 3175 quando
862 3091 971 3154 dieitur
993 3090 1089 3155 Missa
1112 3092 1148 3212 de
1171 3091 1264 3155 777777
1284 3088 1418 3198 duplici,
1438 3084 1522 3173 eujus

250 3200 364 3263 fruetus
385 3197 536 3290 deiunutis
559 3195 748 3280 appiioatur?
882 3245 886 3250 -

334 3305 426 3388 Besp.
445 3303 533 3390 juxte
557 3305 631 3368 71777
656 3305 772 3368 7777777
775 3302 901 3386 ,jueta
924 3299 1129 3369 Soneiirriaui
1148 3307 1295 3370 mentem:
1324 3304 1525 3386 Affirntutiue

248 3412 286 3522 ad
309 3417 434 3495 primaru
458 3423 584 3504 pentorn,
606 3399 750 3498 nepetino
772 3413 809 3476 ad
831 3411 999 3475 seeundum

336 3519 543 3586 Prodibaudue
578 3540 651 3602 ergo
684 3530 733 3584 777
762 3521 812 3603 qui
845 3518 877 3583 in
906 3519 1026 3583 nustria
1056 3538 1091 3582 77
1122 3502 1297 3600 preesertiru
1329 3519 1361 3580 77
1392 3516 1522 3581 77777777

248 3624 519 3711 Suntippuliiunu,
541 3623 717 3691 Provinoiae
739 3627 894 3704 Viennae.
917 3625 1043 3690 obtinuit
1058 3645 1141 3729 usus,
1164 3623 1293 3689 77777777
1308 3625 1524 3690 absolutionem

248 3744 318 3824 post
341 3733 478 3806 Missam,
518 3755 592 3819 quea
614 3754 675 3799 non
699 3744 745 3798 777
766 3733 805 3812 de
827 3733 973 3818 7777777777
988 3728 1028 3810 4)

335 3841 395 3906 Hie
410 3861 481 3906 7777
496 3843 717 3907 memorandum
733 3842 832 3906 77777
848 3843 976 3922 benigna
988 3839 1209 3904 87777787Βί7
1218 3836 1412 3920 Apostoliuae
1423 3835 1524 3900 indul-

248 3948 355 4033 gentia,
380 3970 435 4034 qua
450 3939 621 4031 episeopo·
611 3965 642 4011 77
659 3942 858 4012 (7777777777
849 3951 974 4028 imperio
997 3949 1167 4029 constituto,
1191 3950 1240 4028 qui
1256 3946 1523 4009 Romanumritum

247 4054 429 4134 restituerat
444 4063 547 4120 euutur
561 4055 629 4133 init,
647 4064 678 4118 77
692 4053 769 4117 hene
785 4054 1026 4117 eonsuetudinsm
1043 4052 1203 4134 prudenter
1216 4061 1246 4112 et
1256 4055 1349 4124 naute,
1367 4045 1524 4123 7777777177

248 4167 402 4246 temperis,
423 4161 566 4246 paulatim
589 4170 707 4226 7777777
728 4159 915 4232 abolendum,
940 4181 978 4223 777
993 4178 1035 4222 77.
1051 4156 1136 4223 lone
1150 4157 1281 4222 duretur
1295 4193 1336 4205 -
1351 4156 1442 4234 777777
1456 4167 1526 4219 sunt

249 4273 411 4335 8777777777
426 4267 522 4352 cong.
540 4272 571 4334 Β.
585 4272 644 4334 Β77.
661 4305 704 4318 -
721 4263 930 4352 obloquerentur
945 4270 1054 4332 777777
1065 4265 1232 4330 Remum
1246 4262 1408 4349 liiurpr'um
1422 4281 1525 4329 7777777

252 4379 287 4442 77
300 4377 437 4444 dioecesi
447 4377 661 4443 introductum.
685 4377 853 4460 Episcopus
868 4383 964 4439 antem
980 4376 1167 4456 decretione
1182 4373 1302 4437 dubium
1315 4378 1526 4454 proposueratr

296 4624 299 4631 '
328 4623 353 4693 ¹)
371 4625 428 4679 cfr.
447 4641 527 4691 snpra
545 4641 571 4680 7.
591 4627 631 4680 ii.
650 4630 762 4680 muniat
779 4629 807 4676 et
824 4641 850 4678 n.
868 4622 914 4678 tu.
932 4629 1020 4677 annot.
1124 4656 1128 4662 -

327 4715 356 4785 ⁸)
374 4718 431 4771 7777.
451 4731 516 4781 opus
534 4717 634 4770 577777.
652 4721 686 4770 sd
705 4720 764 4770 dub.
783 4715 846 4768 xxt
865 4719 921 4769 diei
940 4717 981 4768 1².
1000 4718 1066 4777 rapt.
1087 4713 1164 4766 7877.

324 4788 852 4876 qmmwmmss
1069 4826 1071 4829 -

325 4895 351 4973 4)
371 4900 458 4972 Supra
475 4911 503 4957 u.
522 4897 546 4955 7.
