3292 5292
222 278 304 361 370

225 476 390 545 minutulas
412 476 483 545 illes
504 478 649 546 Rubrieas
672 476 983 549 missalis'observari
1001 482 1134 569 jubeant,
1157 480 1223 547 eum
1243 488 1275 549 lu
1290 502 1323 548 ea
1339 480 1372 549 ri
1384 480 1498 575 nullum

222 586 264 651 sit
286 587 509 670 depravationis
531 588 986 671 sauromatarumpermuiom·
1089 660 1095 669 ,

310 694 386 760 Post
407 692 518 778 aliquot
539 694 610 769 dies,
634 697 734 782 pergit
758 693 951 773 lambetur,
974 698 1093 763 interfui
1115 699 1226 763 missae
1243 698 1387 781 privatae,
1411 702 1497 782 quein

220 798 255 865 1¹.
277 795 434 883 Andreas·
456 798 640 892 deligimus,
668 803 701 865 iu
724 811 863 885 exempta
886 824 940 868 sua
969 797 1097 869 endiasis
1127 805 1213 878 dixit,
1246 806 1345 887 primo
1378 797 1498 889 quidem

222 908 396 973 ardentibus
425 913 559 993 quotuor
586 907 727 977 candelis
753 908 951 993 adhibitisque
974 908 1088 997 duobus
1108 912 1268 988 ministris,
1300 912 1377 996 qood
1401 916 1498 977 utruul

222 1007 326 1081 liceret
355 1017 478 1081 multum
504 1011 636 1083 dubitari
663 1036 700 1081 ex
724 1018 764 1080 iis
787 1015 1037 1099 quseLiturgleo
1059 1015 1215 1103 professor
1236 1020 1267 1083 iu
1288 1016 1408 1102 aliquod
1430 1020 1497 1084 De-

225 1130 340 1186 eretum
362 1122 470 1187 deeras
492 1122 611 1187 Rituum
634 1112 884 1206 Congregetiouis
906 1121 937 1188 in
960 1118 1078 1189 Sebolis
1099 1126 1280 1207 disputavit.¹
1298 1124 1497 1192 Deindevero

140 1256 143 1259 ⁴
225 1229 310 1294 dieto
323 1211 405 1307 '„Ile
426 1232 525 1295 nesea
546 1232 618 1294 αὔ(
640 1239 675 1294 ab
702 1229 770 1293 data
800 1236 859 1295 rite
887 1228 1089 1296 benedictione
1118 1231 1157 1296 ed
1184 1226 1277 1297 aliare
1304 1221 1441 1303 resersus
1463 1222 1499 1301 1⁹.

220 1335 359 1402 Andreas
382 1355 484 1401 voeem
506 1337 643 1414 elevavit,
665 1349 700 1401 ao
721 1349 749 1402 s.
772 1335 900 1403 loannis
922 1332 1113 1423 Evangelioni
1137 1336 1200 1405 ulle
1222 1339 1371 1407 mutabit.
1411 1332 1498 1405 Tune

220 1446 371 1513 enimvero
386 1454 552 1527 temperare
566 1444 640 1509 mibi
654 1462 715 1510 non
731 1451 822 1529 potui,
847 1448 915 1531 quin
939 1450 967 1511 el
989 1448 1019 1510 iu
1042 1440 1215 1512 deeristiam
1238 1468 1371 1527 reverso,
1395 1455 1496 1531 aperte

220 1549 360 1630 didonem,
383 1572 464 1616 reum
487 1556 585 1633 ipsum
608 1569 678 1615 esse
692 1550 868 1616 violatarum
883 1554 999 1637 legump
1017 1552 1130 1637 eoquod
1146 1539 1253 1627 eontra
1268 1558 1389 1618 senonis
1405 1572 1495 1636 prae-

221 1659 366 1739 seriptum
396 1667 551 1741 peccasset
580 1658 734 1753 mutando,
767 1651 848 1743 quod
876 1679 936 1723 non
967 1670 1030 1725 erat
1060 1660 1245 1726 cantandum.
1292 1656 1375 1741 Quae
1399 1662 1497 1727 omnis

220 1762 302 1829 laeili
314 1761 406 1847 plane
416 1766 538 1847 negotio
552 1762 695 1847 expedire
705 1784 740 1830 se
752 1782 846 1849 posse
855 1766 982 1831 eredidit
992 1768 1101 1852 absquo
1114 1766 1255 1852 so'ropulo
1267 1769 1343 1832 bauo
1355 1788 1497 1833 onusssns

221 1872 378 1950 rationem,
415 1886 522 1953 nempe
543 1872 712 1953 Religiosos
739 1891 799 1935 non
821 1871 910 1955 ligari
933 1868 1059 1938 decretis
1082 1874 1190 1937 Sacrae
1214 1874 1332 1939 Bituom
1356 1874 1496 1957 congre-

221 1977 362 2060 gatiouis‚
399 1979 610 2064 eoelesiomque
641 1999 724 2044 suam
756 1996 823 2043 esse
854 1984 975 2063 insuper
1005 1992 1175 2063 exemptam
1205 2001 1240 2043 no
1262 1982 1390 2063 proinde
1413 1972 1494 2056 illam

220 2084 363 2149 visitandi
380 2082 433 2172 jus
456 2077 608 2168 lipisoopo
630 2085 798 2151 nullatenus
820 2096 996 2171 oompoteee,
1019 2092 1190 2171 praeposito
1204 2087 1381 2172 provinciali
1397 2096 1495 2152 autem

202 2191 346 2274 plaeere,
369 2196 489 2258 siletis
513 2196 771 2259 eonsuetudinibus
793 2214 828 2259 ao
851 2194 1017 2278 privilegiis
1040 2196 1158 2273 tuendis
1185 2198 1367 2262 insisterent.
1396 2196 1497 2261 'Haeo

220 2293 431 2380 isembertus„
508 2331 511 2336 ·
709 2292 714 2305 “
772 2296 780 2307 “
1399 2368 1404 2374 .

313 2406 425 2471 Eorum
459 2426 534 2471 vero
569 2390 657 2489 quae*
676 2404 857 2471 Coriendrus*
882 2406 989 2481 refert,
1028 2406 1223 2475 admiratione
1257 2406 1345 2492 plane
1378 2416 1499 2491 stupent

226 2510 388 2579 Coalbmni
409 2512 569 2587 auditores,
593 2511 769 2596 praesertim
792 2520 842 2595 iis,
867 2516 915 2600 qui
938 2515 1027 2579 rudes
1050 2532 1109 2580 uon
1133 2526 1202 2579 sunt
1224 2518 1409 2580 musicarum.

312 2620 347 2684 ln
369 2622 495 2685 Austris
522 2618 617 2682 adbuo
646 2620 760 2690 inuenit
781 2618 978 2703 Leopoldum,
1007 2619 1176 2704 parotbom‚
1207 2626 1330 2686 musteis
1353 2614 1499 2687 eruditis·

222 2727 341 2809 simum,
366 2732 425 2811 qui,
447 2735 480 2791 ut
502 2734 637 2791 uenturos
660 2736 835 2792 suos-recto
858 2729 988 2792 musitae
1017 2732 1092 2801 artis
1123 2746 1214 2793 sensu
1243 2726 1369 2793 multum
1399 2730 1499 2812 utique

222 2854 284 2900 uon
313 2833 447 2899 valentes
477 2868 519 2880 -
550 2838 582 2897 iu
617 2839 713 2898 suetis
750 2819 952 2899 lunationibus
989 2826 1099 2923 diriget
1132 2845 1219 2921 etque
1256 2839 1331 2919 ipsis
1368 2830 1500 2899 oeneudo

222 2948 352 3024 praeeat,
376 2960 465 3003 uuum
487 2938 650 3005 alterumve
672 2930 1073 3021 instrumentum‘musioum
1102 2950 1136 3005 ut
1149 2950 1220 3025 pute
1237 2959 1329 3008 eoruu
1344 2948 1374 3005 et
1388 2938 1501 3021 tubsm,

222 3050 258 3113 iu'
277 3052 344 3129 ipso
367 3045 460 3138 altari-
485 3048 580 3130 ponit,
617 3048 807 3131 intonatoquo
841 3048 948 3114 Gloria
978 3048 1025 3114 vel
1055 3046 1151 3113 diedo
1180 3048 1288 3133 (modo
1310 3050 1380 3139 item
1405 3046 1501 3113 alieno

224 3156 262 3220 ab
284 3174 331 3230 eo,
360 3159 410 3239 qui
443 3156 608 3237 desoriptus
640 3157 672 3216 in
702 3151 824 3219 blissali
858 3154 933 3243 est)
950 3154 1179 3231 instrumentum
1210 3154 1249 3219 de
1279 3140 1369 3219 altari
1399 3136 1499 3232 sumit,

225 3263 295 3327 tuba
318 3262 399 3325 sunit
426 3269 463 3326 et
482 3264 564 3345 ipse·
577 3260 703 3325 blissam
718 3254 872 3325 belebrone
885 3269 914 3326 et
929 3260 974 3325 sio
989 3268 1159 3341 neomutus,
1183 3260 1233 3346 qui
1247 3262 1369 3326 musicis
1381 3255 1500 3327 instru-
1529 3264 1530 3267 ’

97 3373 99 3382 '
226 3369 336 3433 mentis
362 3367 458 3433 editur
479 3372 512 3431 in
535 3365 646 3449 (ibero,
677 3372 744 3451 ipso
767 3366 882 3453 (saedis
904 3367 1037 3433 vestibus
1059 3368 1180 3433 indutos
1201 3376 1231 3433 et
1253 3363 1339 3435 altari
1362 3369 1502 3453 adstans)

227 3476 395 3560 praetentus
424 3494 468 3539 eo
489 3475 660 3546 moderetur
689 3470 802 3550 extrue
841 3484 871 3540 et
901 3486 1017 3541 omnem
1040 3476 1179 3540 tibiarum
1201 3468 1237 3541 eb
1259 3476 1365 3541 fidium
1385 3486 1502 3541 rantum

227 3583 265 3648 ab
295 3582 384 3646 altari
412 3582 524 3664 dirigit.
570 3578 695 3645 moun
724 3577 818 3646 missa
843 3574 893 3669 (s.
916 3581 1126 3665 Hieronymi),
1161 3602 1248 3666 quam
1274 3604 1331 3667 pro
1363 3585 1511 3649 defuneto.

200 3744 205 3753 .
228 3689 323 3753 iratae
345 3670 559 3770 applicaverat,
582 3683 864 3770 depositatlasula,
890 3688 959 3753 ¹olim
983 3696 1012 3754 et
1034 3690 1117 3754 stola
1139 3684 1219 3772 eto.,j'
1242 3692 1368 3756 assumit
1389 3684 1504 3757 Stoidin

230 3805 261 3861 et
289 3794 419 3879 pluviale
448 3795 529 3877 nigri
555 3792 668 3859 eoloris
697 3786 927 3880 eonsuetem‘que
953 3788 1169 3865 absolutionem
1198 3797 1275 3863 iaoit·
1291 3790 1330 3861 ad
1352 3796 1504 3861 tumulum.

229 3900 298 3987 Qua
323 3919 356 3969 re
386 3885 533 3985 tantisper
560 3908 723 3967 commotu
750 3890 1035 3985 indignatimeulam
1057 3904 1168 3980 alludit
1191 3902 1242 3975 ille
1270 3924 1341 3990 vero
1368 3894 1504 3967 animad-

231 4015 401 4076 versionem
430 4007 531 4093 iniquo
559 4009 659 4073 ferens
686 4011 794 4088 auimo,
824 4007 856 4074 in
887 4010 1025 4076 eoniesso
1047 4010 1127 4095 apud
1149 4017 1331 4085 omnes'est.
1363 4004 1506 4095 reposuit,

232 4118 328 4182 notos
346 4112 480 4181 missalis
512 4131 571 4180 non
601 4114 712 4181 eodm
740 4107 795 4181 sud
823 4114 966 4188 rubricae
990 4112 1224 4199 moercnptupt,
1255 4113 1331 4183 uude
1359 4120 1389 4181 et
1416 4115 1507 4181 licere

232 4230 365 4288 tuumne·
379 4220 481 4307 pluria
506 4231 537 4285 et
565 4222 657 4288 credo
686 4232 858 4307 querorque
888 4222 1069 4308 quarellos
1097 4224 1196 4304 modo,
1228 4242 1322 4308 neque
1352 4220 1505 4291 Romanos

232 4330 387 4418 quidquem
410 4330 487 4395 seire
510 4329 547 4394 de
569 4348 640 4393 vera
662 4348 698 4395 ao
718 4330 848 4414 genubus
869 4346 902 4395 re
924 4332 1037 4395 musioe
1059 4328 1290 4396 eooloeiestidd..

320 4433 355 4500 lu
376 4425 566 4501 seminarium
587 4436 677 4503 boeto
699 4446 837 4511 nostrum
858 4434 990 4519 rediens,
1023 4436 1122 4521 pergit
1143 4436 1321 4519 Casimirtrs,
1343 4436 1506 4523 perbdma‘·

232 4546 313 4610 niter
332 4544 378 4609 lui
399 4544 533 4626 bospitio
555 4551 697 4628 surreptus
720 4544 758 4609 ab
779 4544 935 4610 Edmuodo
957 4544 1098 4628 paroobo,
1122 4546 1341 4631 quipoetridie,
1365 4550 1509 4612 anniver-

235 4656 346 4717 sarium
374 4669 429 4733 pro
456 4650 595 4716 deluoeto
624 4648 787 4729 celebrans,
827 4653 955 4734 primam
985 4648 1115 4731 missum,
1153 4670 1219 4717 oum
1248 4656 1382 4719 ulatione
1409 4657 1508 4719 tamen

235 4758 430 4831 mouumenti,
459 4756 596 4821 tentavit.
641 4758 761 4822 Novum·
789 4753 905 4842 quidem
933 4764 1019 4842 atque
1045 4753 1210 4825 intudltnm
1232 4750 1304 4825 mibi
1327 4758 1443 4837 aedidit,
1476 4768 1509 4826 ut

237 4873 369 4932 emtaret
390 4860 486 4930 meto
507 4867 539 4930 iu
560 4862 659 4931 Missa
680 4864 718 4933 de
739 4863 905 4950 deputem
934 4862 1014 4949 qued
1031 4878 1118 4950 uero,
1140 4872 1255 4935 ersom
1269 4869 1317 4935 sui
1332 4880 1507 4935 romone-
