3292 5292
1368 240 1445 321 3115

233 445 340 532 =lienus
373 408 551 507 constitutus
583 441 784 524 interrogetur
801 437 900 525 estque
931 438 1085 519 sudletur3
1122 444 1217 505 testes
1240 439 1446 522 reprobstorli,

173 568 248 653 quor
267 550 455 648 produnerit,
477 549 667 633 recipientur.

1445 618 1452 655 1

341 812 346 837 a
774 741 859 829 ΧΠή
920 774 926 782 r

260 871 402 938 Notarius
426 876 531 947 cuncte
551 877 583 935 st
602 866 719 951 singule
734 876 809 943 ectu.
833 867 990 931 citationes
1006 864 1221 943 etdilntiones,
1245 867 1446 932 recusationes

172 986 203 1045 et
224 982 435 1062 exceptiones.
462 980 631 1060 petitiones,
662 976 880 1059 responsiones,
907 975 1159 1057 interrogationes
1182 980 1212 1037 et
1233 972 1447 1052 confessiones,

173 1086 291 1153 oscum
314 1084 517 1168 depositiones
547 1090 579 1149 et
608 1084 871 1147 instrumentorum
899 1079 1120 1164 productiones,
1154 1057 1394 1147 interlocutiones
1417 1086 1448 1145 ct

173 1188 399 1275 appellationes.
420 1185 670 1271 renunciationes‚
704 1186 912 1257 conclusiones
944 1195 974 1251 et
1005 1184 1129 1263 caetera.
1164 1206 1235 1271 pune
1265 1187 1448 1253 occurrerint

173 1302 355 1381 competenti
376 1296 482 1363 ordine
504 1296 681 1377 conscribst,
714 1298 780 1360 loca
801 1292 996 1377 designando.
1019 1302 1152 1377 tempore
1174 1302 1203 1359 et
1224 1314 1381 1389 personne.
1448 1332 1451 1346 ι

206 1401 209 1405 ’
550 1422 582 1468 c.
608 1408 658 1471 11.
682 1404 727 1468 X.
751 1402 788 1467 de
810 1396 1044 1505 probationibus.
1180 1474 1182 1479 ,

262 1726 403 1789 sessione
424 1724 609 1789 molitoribus
632 1723 756 1805 indicto,
780 1716 921 1787 eitibielis
943 1729 993 1786 sut
1016 1724 1066 1806 qui
1088 1720 1241 1805 delegatus
1263 1719 1320 1786 luit
1343 1719 1380 1784 ad
1393 1723 1446 1783 in·

176 1831 361 1915 quirendum,
383 1832 420 1896 de
442 1850 532 1896 ceusu
554 1830 665 1895 rcierst
685 1830 813 1911 collegio
829 1838 862 1894 ut
876 1830 1026 1895 decretum
1041 1828 1238 1894 constituntur
1252 1828 1289 1893 de
1303 1844 1448 1911 processu

172 1937 382 2020 conducendo,
413 1946 464 2005 sut
494 1939 532 2004 de
561 1937 753 2021 inquisitione
776 1935 903 2022 emplius
925 1936 1108 2017 instruendo,
1145 1944 1194 2003 sut
1215 1935 1254 2000 de
1275 1934 1448 2001 desistendo

172 2044 432 2129 apersecutione.
880 2080 884 2090 ‚
1210 2064 1215 2079 ⁸
1332 2062 1334 2068 ·

722 2308 728 2314 .
771 2238 847 2306 x1v.
927 2228 932 2236 ’

210 2348 214 2355 ’
259 2365 390 2430 llecreto
420 2366 500 2431 incto
524 2364 561 2428 de
582 2380 727 2450 processu
749 2360 959 2443 continuando,
996 2370 1063 2428 acts
1088 2360 1193 2449 judicii
1224 2366 1365 2429 universe
1393 2383 1446 2429 reo

172 2471 432 2538 communicentur.
477 2470 605 2553 Insuper
625 2471 803 2556 exponenda
824 2477 895 2534 sunt
917 2472 945 2534 ei
967 2465 1023 2534 ille
1045 2471 1174 2553 cepltule
1196 2470 1233 2536 de
1256 2469 1362 2556 qulbus
1389 2470 1448 2551 tait
1483 2466 1486 2476 ’

170 2572 387 2663 inquirendum,
417 2586 450 2645 nt
477 2576 649 2643 incultetem
671 2576 778 2648 bubest
800 2574 980 2643 defendendi
1002 2594 1035 2640 se
1057 2578 1170 2659 ipsum:
1205 2584 1322 2643 et'non
1335 2574 1447 2644 solum

170 2684 261 2768 diets,
289 2669 345 2754 sed
374 2684 442 2769 ipss
471 2686 561 2751 etiem
582 2688 702 2749 nomina
724 2682 842 2777 testium
865 2684 892 2749 ei
915 2682 1092 2767 publicanda
1114 2692 1194 2761 sunt,
1228 2685 1355 2770 utquid
1377 2692 1446 2750 eta

172 2812 236 2876 quo·
251 2794 292 2860 sit
313 2794 434 2875 dictum,
456 2799 606 2878 sppsrest.
635 2831 639 2837 =

381 2934 384 2939 ·
542 2918 569 2962 c.
592 2903 647 2965 tt.
668 2898 714 2963 X·
736 2885 775 2961 de
799 2896 1051 2962 soeusetionibus.
1182 2950 1185 2957 .

543 3023 568 3068 o.
594 3011 646 3073 11·
668 3004 716 3071 X.
739 3003 777 3068 de
799 3002 1035 3086 probationibus.

649 3200 653 3209 ’
777 3198 842 3262 XV.

262 3323 329 3388 Une
350 3342 416 3390 cum
437 3324 510 3391 sctis
534 3326 757 3390 communicatis
778 3342 831 3387 reo
853 3322 918 3387 dies
939 3324 1096 3405 conetur,
1120 3341 1176 3407 que
1190 3329 1359 3406 comparent
1372 3340 1447 3406 per-

173 3428 316 3496 sousllter
329 3439 398 3496 cute
412 3430 542 3496 tribunal
556 3431 703 3512 oidclnlis,
726 3432 763 3496 ed
779 3428 1002 3513 producendam
1017 3431 1219 3496 defensionem
1234 3434 1320 3496 suum
1333 3434 1448 3512 scripto

152 3538 351 3604 mondoum.
374 3538 406 3603 st
427 3541 501 3620 nult,
530 3538 704 3604 advocetum
726 3555 827 3604 seeum
850 3537 949 3618 dunat,
972 3526 1114 3615 canonice
1135 3538 1286 3604 idoneum·
1324 3536 1447 3619 llxocp-

173 3649 272 3711 tiones
293 3651 324 3709 et
343 3641 550 3728 replicationes
573 3640 723 3727 legitimus
744 3653 817 3708 sunt
838 3644 1057 3720 sdmittends03
1079 3643 1106 3709 si
1127 3638 1248 3711 necesse
1263 3636 1330 3726 erit.
1353 3651 1447 3708 testes

174 3753 271 3817 denno
293 3750 458 3833 nudientur,
493 3769 548 3817 nec
570 3770 630 3815 non
651 3750 854 3815 coniroutetio
877 3754 922 3815 rei
943 3757 974 3815 et
995 3754 1115 3817 testium
1130 3752 1313 3818 'edbibends

263 3860 367 3925 Sires
390 3857 595 3944 postulaverit.
621 3878 765 3923 novorum
785 3865 920 3924 sotorum
943 3862 1104 3943 ooplc‘reo
1126 3856 1294 3942 preebends
1317 3861 1446 3937 etnovt

175 3972 203 4033 ei
225 3966 290 4034 dics
313 3966 352 4033 sd
373 3966 608 4051 prosequendam
631 3964 835 4032 defensionem
858 3966 1016 4031 ststuendn
1039 3967 1129 4041 erit.¹

547 4092 572 4142 c.
595 4078 649 4142 24.
672 4075 708 4138 X.
724 4074 770 4168 de
791 4074 1043 4141 accusationibus.

673 4238 676 4244 ’
771 4267 850 4335 xvi.

171 4383 173 4386 ’
264 4392 477 4476 Procnrstores
505 4399 539 4462 ln
566 4413 654 4461 censa
682 4374 846 4459 crimincll²
861 4393 941 4459 bend
961 4394 1150 4475 recipientur.
1196 4392 1276 4459 Reus
1290 4400 1366 4461 suto
1387 4388 1447 4456 tri-

177 4499 268 4567 buusl
289 4506 406 4580 eltutus.
429 4509 458 4570 si
479 4501 679 4589 personaliter
699 4521 760 4567 non
780 4502 902 4582 stiterit,
924 4519 1048 4566 censure
1070 4498 1207 4569 lerictur.
1237 4497 1352 4565 (lontrs
1372 4518 1448 4581 per·

157 4616 363 4674 >muntem
384 4614 416 4675 in
437 4611 629 4692 metanoeis,
647 4612 692 4674 -si
713 4625 788 4693 opus
810 4608 911 4687 luent,
935 4606 1065 4693 qumvis
1085 4606 1249 4689 ebseunm,
1271 4606 1349 4673 ultre
1369 4622 1447 4688 pro·

178 4716 308 4783 cedatur.
453 4756 456 4761 -
556 4737 581 4783 o.
609 4722 658 4785 ib.
681 4719 731 4786 X·
756 4715 794 4782 de
814 4716 1063 4782 recusationibus.
1162 4762 1166 4769 ,

555 4820 970 4915 o01.iall..deJ'ndiclls.
1098 4850 1101 4857 ·
