3292 5292
1356 234 1445 332 ere

171 442 335 531 terrentur.
366 442 566 530 Quamobrem
580 443 737 533 Epiecople
750 445 885 515 dictricte
898 448 1113 534 praecipimur,
1134 454 1167 515 nt
1182 452 1333 515 donnana
1346 452 1448 534 omnia

174 574 247 641 queo
276 554 308 620 in
340 552 588 635 declanenae
618 553 817 631 macularibue
849 574 903 619 seu
930 555 1117 638 regularibus
1148 554 1205 641 (ite
1227 560 1374 641 exceptis,
1398 556 1446 641 qni

170 662 293 747 proprio
316 662 364 725 vet
385 660 504 736 nitenti,
534 662 583 725 vel
605 658 734 727 merati
762 660 811 726 rel
833 638 986 727 breviario
1015 670 1152 744 utuntur,
1177 662 1247 727 ab.
1271 662 1348 728 Sede
1369 683 1447 746 pro-

171 768 264 853 bato)
285 776 389 834 eonma
410 768 624 850 praecoriptum
647 765 832 839 Pontificalie
855 768 991 847 Romani,
1013 777 1043 832 et
1066 767 1300 834 Goeremonialie
1316 769 1446 851 Episco-

173 878 289 958 porum,
322 874 370 938 vel
391 872 550 939 Rabrteae
575 871 716 939 Mieeute'e
737 874 884 939 Breviorii
906 882 935 938 et
949 874 1087 954 litteriis,
1109 876 1267 960 irrepsisse
1289 894 1446 958 compere-

170 985 241 1063 rint,
273 979 471 1047 detectudttee
502 985 647 1066 tanquam
677 979 794 1047 adurae
815 986 848 1046 et
869 962 1056 1064 oomnptetue
1079 982 1255 1066 prohibeant
1277 989 1306 1047 et
1325 985 1446 1056 omnino

171 1088 311 1152 etudeant
332 1083 479 1168 amovere,
510 1089 614 1171 quavis
637 1108 698 1153 non
721 1090 859 1153 obstante
881 1090 1058 1172 interposito
1081 1092 1289 1172 appellatione,
1317 1088 1363 1153 vet
1386 1092 1448 1154 rbe-

171 1192 359 1261 mcmo'ratc‘lr’
371 1192 745 1279 allegereeomececine5
761 1216 826 1284 oum
841 1216 900 1261 uon
916 1195 994 1279 quod
1010 1198 1053 1277 nt,
1070 1196 1214 1291 eedwquod
1224 1195 1288 1259 ieri
1299 1197 1394 1271 debet,
1407 1202 1448 1259 eit

170 1302 443 1369 attendenddmret
453 1305 557 1385 regola
568 1309 703 1377 estnon
714 1304 837 1383 cantari,
853 1303 913 1368 niei
925 1304 1003 1387 qood
1014 1303 1123 1386 legitur
1133 1322 1201 1367 ease
1213 1303 1390 1367 cantandum
1405 1300 1446 1389 ¹).

259 1408 307 1473 Ex
326 1411 487 1493 praeacuti
514 1391 681 1477 Benedicti
699 1410 781 1476 XilL
815 1430 850 1474 ec
888 1409 1017 1475 concilii
1054 1408 1181 1474 Romani
1216 1408 1446 1483 Constitutione,

172 1519 305 1601 quamvis
319 1535 381 1579 non
391 1527 452 1599 ¹pro
468 1514 607 1597 univerae
622 1518 746 1592 eceteeia
759 1518 838 1588 edita
852 1512 893 1594 ²),
909 1500 1076 1598 edocemur,
1091 1514 1303 1582 detestabilem
1319 1515 1448 1582 abacum

174 1628 207 1689 et
228 1620 432 1703 corruptelam
453 1643 520 1687 eaeo
543 1624 680 1708 quidquid
705 1634 807 1688 contre
822 1625 970 1693 Rubricae
992 1623 1132 1689 Mieeelie
1154 1626 1175 1687 1.
1198 1644 1224 1689 e.
1248 1632 1350 1688 contm
1373 1621 1449 1689 Bul-

171 1730 231 1795 tam
248 1729 316 1805 Quo
327 1730 468 1813 primum,
490 1732 553 1795 ieri
568 1711 736 1814 contigerit,
759 1752 819 1796 non
834 1733 972 1797 obstante
985 1731 1212 1798 immemorabili
1227 1731 1447 1798 consuetudine.

259 1838 294 1901 B.
320 1835 560 1914 Declarate'onee
582 1821 744 1903 medeam.
1348 1908 1354 1917 ,

258 1943 317 2008 aee
333 1943 469 2028 idipenm·
486 1944 599 2010 eruitur
619 1950 707 2009 etiam
731 1964 769 2012 ex
793 1944 1056 2024 declarationibus,
1085 1964 1157 2027 quae
1169 1943 1314 2029 ¹mediate
1335 1950 1448 2009 tantum

172 2052 361 2131 Pontefiee'ae
390 2060 469 2120 eunt.
745 2055 747 2060 ’
781 2053 790 2067 “
1106 2040 1108 2048 ’
1143 2036 1155 2065 “’

226 2163 230 2170 ’
258 2166 293 2227 ’8.
317 2158 579 2240 „Goneeetndinee
591 2177 664 2241 quae
674 2164 742 2222 eunt
753 2162 861 2223 eontra
871 2152 1178 2233 mteealeRonianum
1194 2159 1324 2241 inaniis.
1333 2156 1408 2222 icc.
1420 2152 1449 2236 8)

177 2264 312 2332 enbiatec
329 2271 406 2330 'eunt
420 2285 482 2350 per
504 2262 620 2329 Batiam
644 2256 692 2329 Pii
707 2266 751 2331 -V.
772 2264 811 2326 in
824 2264 972 2346 principio
995 2263 1091 2346 ipsine
1106 2262 1241 2328 Mieeaiie
1264 2267 1449 2349 impressam,

173 2382 204 2438 et
226 2374 370 2438 dicendae
392 2380 463 2436 eunt
480 2373 586 2452 potine
600 2368 802 2451 corruptelae,
823 2363 913 2453 qaam
928 2370 1195 2436 coneneinde'nee.“
1318 2404 1321 2408 -

259 2478 359 2567 chna
380 2478 491 2542 decreti
510 2498 581 2542 vero
601 2497 639 2542 ne
660 2482 726 2560 quie
745 2479 794 2541 vel
812 2477 1028 2560 ignorationem
1054 2496 1198 2549 mussare.
1221 2477 1268 2541 rel
1295 2477 1450 2543 mediatem

171 2585 317 2670 originem
341 2585 521 2671 pontificiam
538 2580 924 2650 cousuetudini'eervendae
939 2585 1133 2679 praetendere
1148 2586 1271 2665 valeret,
1295 2584 1370 2651 illud
1386 2588 1450 2651 Ro-

170 2714 276 2759 manae
290 2694 435 2758 Pontifex
451 2692 589 2758 Urbanus
603 2692 680 2759 vni
703 2693 799 2757 denuo
816 2690 856 2757 at
870 2691 1009 2757 emetiar
1024 2692 1133 2776 abique
1147 2694 1276 2777 eercara‘
1287 2697 1320 2758 et
1334 2695 1367 2758 in
1383 2693 1451 2776 ipae

173 2798 304 2867 dtieeuli
316 2819 438 2868 remano
454 2802 573 2865 nooe'ter
586 2800 779 2882 imprimendo
794 2803 908 2883 opponi
917 2800 1087 2876 mandarit,
1103 2804 1144 2863 ite
1155 2810 1187 2865 nt
1198 2820 1276 2865 novo
1282 2799 1346 2887 jam
1358 2818 1451 2864 eano-

173 2909 253 2972 tione
268 2908 302 2971 e’n
317 2907 454 2971 omnibns
474 2911 506 2973 et
526 2926 586 2989 per
608 2908 710 2972 emm'a
724 2910 849 2971 eeroure’
862 2908 1003 2973 rubre'eae
1019 2905 1159 2973 Mneoln
1173 2905 1308 2971 Romani
1326 2907 1452 2972 debeant

178 3013 384 3107 noncbetunte
404 3033 585 3099 maremque
602 3017 774 3096 praetento
797 3019 829 3078 et
844 3014 1009 3079 contrario
1024 3014 1255 3091 ooneaetnde'ne,
1277 3034 1366 3097 qnam
1391 3012 1452 3077 nd-

174 3142 262 3188 uenm
285 3141 351 3211 cere
372 3119 545 3186 renouando
568 3120 694 3185 decreta
717 3117 801 3185 ottae
818 3123 912 3202 faeta
933 3122 1045 3184 e‘ternm
1060 3118 1244 3187 declararet
1256 3122 1286 3186 S.
1303 3122 1338 3185 R.
1355 3120 1389 3183 0.
1406 3116 1450 3204 4).

260 3231 357 3313 Atque
380 3229 419 3302 ad
447 3230 525 3294 bunc
542 3235 711 3307 'canonem
749 3236 887 3311 tanquam
917 3228 954 3292 ad
977 3226 1453 3311 inviolabilem-certieeimemqne

169 3336 329 3424 judicandi
350 3355 485 3399 normam
510 3314 547 3399 ire¹
560 3338 661 3417 epcee'e
684 3333 801 3418 etipse
823 3334 966 3400 Pontifex
989 3339 1020 3397 in
1042 3335 1201 3398 ordinariis
1223 3340 1287 3398 onie
1309 3333 1451 3399 Romania

170 3441 396 3522 Tribunalibnm
413 3439 469 3526 pe'r
484 3452 613 3508 statutae
625 3442 752 3529 judicer,
772 3463 877 3507 omnes
892 3442 1047 3526 liturgicon
1061 3440 1291 3508 consuetudines
1304 3462 1452 3524 nunquam

174 3568 235 3615 non
250 3548 350 3630 exigit
365 3567 400 3615 ac
416 3549 528 3625 definit,
544 3560 574 3614 et
585 3552 759 3635 generatim
775 3552 844 3624 „eie
859 3555 890 3615 et
903 3568 962 3614 non
978 3548 1072 3613 ote'ter
1086 3549 1223 3633 decreuit
1229 3568 1290 3630 per
1298 3568 1452 3633 quaeeun-

176 3678 234 3743 que
248 3636 386 3739 judiees,
408 3656 585 3723 ordinariae
606 3662 638 3723 et
650 3654 826 3741 Detegetur
848 3660 943 3723 ettam
958 3676 1126 3723 rancorem
1142 3654 1271 3722 Putota'r'
1282 3654 1455 3739 Apoetotier'

175 3767 343 3831 Amatores
365 3784 404 3830 ee
426 3760 459 3826 S.
482 3762 521 3829 R.
545 3764 578 3831 0.
601 3762 784 3830 ίανᾱίιιαῖει
805 3768 900 3829 etiam
921 3764 961 3829 ce
983 3763 1104 3829 Latere
1130 3763 1263 3849 Legatos
1292 3783 1331 3828 ce
1360 3762 1453 3831 Sedis
1517 3778 1528 3795 ·

172 3875 343 3954 praefatae
384 3866 537 3952 aunone,
578 3869 696 3935 uboeoe
736 3872 886 3957 qnoettbet
926 3892 1104 3957 paeanaque
1143 3871 1453 3956 praeeminentiam
1530 3957 1532 3963 Α

175 3983 332 4062 potestate
350 3980 526 4062 fungentes,
557 3976 681 4045 reblata
702 3984 751 4045 eie
773 3984 804 4043 et
826 4000 928 4044 eoram
950 3978 1084 4057 condiet,
1114 3981 1225 4062 quaeis
1247 3975 1341 4044 aliter
1355 3976 1452 4060 jeci-

174 4087 272 4153 eandr'
291 4090 324 4152 et
345 4088 577 4169 interpretandi
585 4084 750 4176 facultate
761 4093 793 4154 et
812 4088 1011 4166 auctoritate,
1034 4087 1145 4170 abique
1159 4086 1307 4166 joanan·
1327 4087 1452 4166 atdefi-

174 4196 242 4261 ne'ri
262 4193 445 4270 debere...‚
478 4211 516 4257 ac
545 4193 670 4257 irritam
695 4198 728 4258 et
749 4194 853 4275 inane,
885 4195 921 4258 ei
938 4212 1028 4258 reeca
1050 4177 1191 4274 ecr'ente'rs
1206 4189 1255 4257 oet
1275 4194 1452 4277 ipnorcnter

176 4300 342 4386 omnent
360 4301 514 4365 attentari
528 4296 573 4383 ⁵).

249 4493 273 4560 ¹)
291 4496 318 4545 S.
338 4494 404 4560 Aug.
423 4499 450 4547 in
470 4476 655 4560 eoie'regolie.

249 4580 276 4642 1)
295 4582 350 4633 ctr.
369 4583 462 4634 comeo
480 4586 584 4650 anger
603 4588 637 4636 de
655 4584 816 4648 Kirobberg:
843 4584 974 4634 observet.
987 4581 1123 4635 succinet.
1145 4587 1169 4647 ς.
1188 4586 1219 4635 11.
1239 4600 1264 4635 ιι.
1284 4584 1308 4635 o.

254 4670 280 4735 Ι)
302 4670 342 4722 id.
362 4674 451 4722 martii
471 4674 547 4725 15111.

249 4757 274 4823 ⁴)
293 4760 394 4809 liceret.
413 4760 438 4811 S.
457 4759 485 4811 ii.
504 4761 532 4811 c.
551 4762 579 4812 in
596 4762 726 4823 principio
744 4759 858 4810 itimalte
876 4763 952 4823 pouit.

253 4846 277 4916 ³)
295 4850 434 4900 Innocent.
453 4849 525 4899 1111.
544 4850 561 4899 1.
582 4862 605 4903 o.
624 4852 688 4901 item
706 4849 840 4904 Benedici.
859 4851 902 4903 cit.
924 4850 1013 4903 Caret
1041 4852 1098 4924 „In
1115 4846 1280 4925 sumeme·“
