3292 5292
1351 229 1432 308 173:

155 416 250 501 voluit
278 418 315 485 ad
345 418 501 505 apostolloi
531 416 696 489 ministerii
717 418 896 501 libertatem,
928 416 972 485 nti
993 418 1265 504 mtmndverdmue,
1285 424 1426 491 tuendam

156 534 243 613 etque
266 527 450 619 servandam.
474 514 606 593 Primum
629 546 701 591 sane
724 546 763 593 ex
784 524 955 592 manifestis
977 531 1181 611 aggressionis
1203 530 1323 595 indietis
1338 552 1427 618 quum

155 636 187 700 in
217 634 380 711 Pari‘siensi
410 634 570 709 Conventa,
602 652 681 717 anpo
713 638 797 703 isne
827 640 904 713 aeto,
921 653 975 698 «ex
1005 642 1087 718 parta
1116 633 1250 722 ejusdem
1272 638 1428 723 subalpini

137 740 299 807 ¹(lubernil
326 746 405 807 inter
432 738 560 806 hostiles
589 717 763 804 nonnulla's'
780 740 988 823 expositiones
1012 739 1149 825 speaiuaa
1178 744 1319 826 quaedam
1337 750 1428 816 ⁴ratio

155 852 311 932 proppslta
333 846 395 925 luit¹
410 848 448 911 ad
472 844 567 910 eivile.
581 842 706 910 Romani
729 845 880 911 Pontibeia
902 845 1066 912 dominium
1087 847 1303 930 infirmandam,
1336 858 1367 914 et
1388 852 1426 916 ad

155 955 237 1038 lpius
258 956 438 1039 Sanetaequa
460 952 547 1041 hujus
569 953 655 1017 Sedis
677 946 881 1017 auctoritatem
905 939 1142 1020 imminuendam.
1166 953 1224 1020 Ubi
1245 976 1316 1021 vero
1330 976 1428 1040 supa-

156 1061 235 1128 riure
255 1082 333 1127 anno
356 1061 489 1126 ltalieum
512 1060 628 1124 exarsit
650 1058 759 1135 bellum
782 1059 1022 1125 interamniae
1032 1059 1251 1143 Imperatorem,
1274 1073 1305 1127 et
1318 1062 1427 1129 foede-

155 1176 237 1235 ratos
267 1172 393 1233 invitem
422 1156 631 1250 imperatorem
656 1165 818 1233 Galliarum
841 1186 876 1231 ae
898 1166 1056 1238 bardiliiaa,
1074 1167 1196 1251 Regem,
1218 1168 1293 1233 nihil
1313 1151 1428 1236 fraudis

154 1275 227 1339 nihil
255 1273 377 1340 e'oalaiis
405 1272 649 1359 praetermissum
679 1280 735 1355 est,
771 1280 804 1338 ut
826 1273 998 1339 Pontideiae
1019 1275 1150 1339 Nostrae
1172 1274 1302 1341 Ditionis
1323 1280 1428 1360 populi

155 1383 193 1447 ad
217 1383 360 1447 nelariam
384 1381 577 1445 deiectionem
599 1381 697 1445 modis
720 1381 860 1445 omnibus
875 1379 1104 1463 impellerentur.
1135 1380 1216 1445 Hine
1230 1382 1427 1466 instigatores

154 1490 251 1563 missi,
267 1493 392 1572 peeunia
406 1490 529 1570 largiter
544 1490 647 1569 effuse,
670 1507 753 1551 arma
767 1480 964 1572 suppeditati,
985 1489 1172 1554 inuitamenta
1187 1493 1290 1573 pravis
1306 1491 1428 1574 seriptis

155 1606 185 1663 et
198 1596 394 1681 ephemeridis
411 1597 536 1671 admoto,
559 1604 590 1660 et
602 1616 688 1660 omne
703 1597 839 1662 iraudum
854 1616 948 1680 genus
969 1596 1132 1661 adhibitum
1153 1597 1201 1662 val
1222 1595 1355 1678 abillis,
1377 1596 1429 1682 qul

154 1702 283 1791 ejusdem
307 1704 448 1769 Gubernii
470 1701 620 1787 legatione
641 1704 750 1769 Romae
772 1704 939 1786 iungentes,
972 1702 1054 1767 nulla
1075 1704 1177 1768 habita
1192 1706 1324 1789 gentium
1344 1676 1428 1789 juria

155 1808 375 1894 honestatisque
404 1812 530 1891 ratione,
567 1813 691 1893 proprie
721 1829 842 1875 munere
872 1829 1029 1894 perperam
1056 1808 1249 1892 abutebantur
1278 1810 1318 1874 ad
1338 1818 1428 1875 tene·

154 1918 286 2009 brienses
310 1918 476 1982 molitiones
498 1921 530 1982 in
553 1916 699 1982 Pontiheii
720 1917 828 1982 Nostri
852 1916 995 1983 Gubernii
1017 1921 1179 1999 pernitiem
1201 1917 1340 2001 mendae.

243 2025 356 2095 Oborta
378 2024 487 2089 deinde
509 2024 540 2088 in
563 2022 715 2089 nonnullis
739 2009 871 2088 [litionis
887 2023 1017 2089 Nostrae
1032 2024 1208 2105 Provinciis,
1231 2043 1305 2108 quae
1319 2024 1429 2089 dudum

156 2130 269 2197 oaoulte
300 2139 483 2214 comparata·
500 2131 605 2211 iuerat,
637 2130 793 2211 seditione,
824 2128 909 2196 lllleo
931 2150 986 2212 per
1007 2131 1137 2195 lautores
1160 2131 1254 2213 llegia
1275 2129 1430 2221 Dietatura

152 2240 336 2324 proclamata
366 2246 424 2320 est,
464 2241 621 2321 statimque
651 2257 670 2301 a
699 2234 865 2322 subalpina
899 2236 1050 2303 Gubernie
1073 2233 1279 2302 commissarii
1309 2237 1427 2320 adlenti,

154 2347 214 2429 qui,
229 2346 289 2409 ali'u
305 2346 392 2415 etiem
409 2348 528 2409 nomina
543 2351 645 2428 postea
661 2343 812 2429 app'ellati,
835 2339 1092 2428 provinoiaa-illas
1106 2344 1253 2427 regendas
1267 2352 1428 2420 sumerent.

136 2454 238 2543 ,llum
254 2452 326 2516 haee
339 2458 515 2535 agerentur,
537 2452 602 2516 Nos
625 2451 797 2534 gravissimi
819 2451 913 2517 oldeii
927 2452 1035 2518 Nostri
1051 2471 1199 2517 memores
1213 2472 1275 2517 non
1289 2459 1427 2535 praeter-

153 2560 289 2625 misimus
313 2558 391 2622 binie
414 2542 796 2627 Nostrisoilloeutianibus
819 2560 867 2623 die
888 2561 968 2625 XX.
991 2560 1074 2624 lunii
1095 2567 1126 2639 et
1146 2559 1264 2626 xxvi.
1286 2560 1426 2643 heptem-

155 2666 219 2761 brls
242 2665 396 2749 superiora
418 2684 495 2730 anno
516 2652 628 2731 habitis
651 2667 688 2733 de
710 2664 823 2732 violato
847 2669 929 2734 aivili
951 2651 1074 2756 hujusne
1096 2667 1128 2732 d.
1151 2667 1239 2733 hedis
1256 2670 1427 2752 principatu

157 2772 301 2839 altissime
324 2774 473 2857 conqueri,
496 2772 641 2860 simulque
662 2773 824 2841 violatores
841 2778 921 2841 serio
935 2794 1056 2842 manera
1069 2772 1108 2839 de
1122 2779 1256 2841 eenauris
1269 2793 1305 2838 aa
1319 2779 1427 2858 poenis

155 2902 209 2965 per
231 2882 388 2945 canonieus
411 2883 583 2973 sanationes
606 2879 737 2964 indietis,
759 2886 792 2948 in
816 2903 890 2966 quaa
907 2884 972 2966 ,ipsi
987 2877 1236 2967 proinde'misera
1250 2882 1426 2950 inriderent.

152 2982 390 3077 Existimandum
405 3009 498 3072 porro
514 2997 586 3065 erat,
603 2997 737 3072 patratae
751 2988 925 3055 violationis
940 2999 1077 3055 austures
1092 2987 1149 3073 per
1163 2990 1285 3055 lteratm
1295 2989 1426 3055 Nostrae

153 3096 331 3160 monitiones
359 3116 393 3160 ae
422 3098 555 3180 querelas
585 3098 621 3161 ab
644 3099 744 3181 iniquo
766 3098 923 3181 proposito
946 3096 1126 3177 destitutoe3
1161 3097 1335 3181 praesertim
1358 3115 1424 3160 aum

154 3207 286 3267 universi
309 3201 455 3267 catholini
478 3205 569 3270 Orbis
593 3222 745 3270 serrorum
769 3206 992 3289 lintistites„at
1012 3202 1119 3282 ildelee
1140 3202 1279 3290 eujusque
1302 3202 1426 3281 ordinis,

154 3310 320 3389 dignitatis,
354 3319 394 3374 et·
410 3311 590 3375 conditionis
613 3332 715 3377 aarum
738 3330 826 3385 turae
848 3314 1000 3377 eommissi
1021 3330 1092 3388 auae
1112 3311 1223 3382 nonnis
1244 3308 1427 3390 expostula-

156 3416 288 3481 tionibus
310 3415 508 3503 adjungentes
529 3419 660 3483 unenimi
683 3411 835 3482 alteritate
848 3417 1009 3483 Nobisuum
1023 3414 1111 3503 hujus
1125 3417 1315 3498 Apostolieae
1328 3414 1427 3496 Sedis,

155 3536 185 3589 et
208 3514 389 3589 universalis
411 3522 562 3587 llenlesiae
589 3522 782 3611 justitiaeque
806 3544 930 3617 neausam
959 3524 1204 3613 propugnandam
1231 3526 1426 3606 susceperint,

154 3651 220 3697 num
249 3633 361 3715 optime
384 3630 593 3714 intelligerent,
630 3642 807 3716 quantopere
829 3629 941 3713 nivilla,
975 3631 1012 3701 de
1035 3653 1093 3715 quo
1115 3634 1221 3715 agitur,
1244 3631 1428 3714 prineipatus

152 3740 190 3805 ad
213 3738 338 3804 liberam
362 3740 493 3819 supremi
516 3738 709 3805 Pontibeetas
729 3739 970 3827 jurisdictionem
990 3742 1120 3805 intersit.
1150 3738 1261 3803 Verum
1284 3737 1426 3822 (horres-

156 3834 255 3911 eentes
278 3846 404 3909 didimus
412 3843 441 3931 Ξ)
464 3842 655 3927 Subalpmum
678 3846 859 3911 Guberninm
882 3866 944 3910 non
967 3846 1063 3910 solum
1079 3845 1193 3910 Nostra
1205 3843 1328 3923 monita,
1348 3862 1427 3926 que-

154 3952 242 4025 relas,
273 3961 302 4017 et
330 3950 547 4017 aeclesiasticas
578 3972 691 4033 poenas
719 3954 907 4035 contempsit,
946 3952 998 4016 sod
1021 3950 1110 4015 etlam
1132 3950 1163 4014 in
1187 3970 1241 4015 sua
1263 3950 1427 4034 persistens

154 4062 350 4143 improbitate,
380 4058 512 4143 populari
543 4059 684 4141 suffragio
712 4058 858 4143 paeoniis,
889 4060 990 4138 mimis,
1021 4064 1134 4123 terrore
1164 4058 1290 4140 aliisque
1313 4057 1430 4127 callidis.

155 4169 267 4231 artibus
289 4174 391 4231 eontm
414 4185 500 4230 omne
518 4163 571 4252 jue
593 4172 722 4248 extum,
744 4167 865 4231 minima
880 4166 1024 4230 dubitavit
1038 4171 1283 4229 eommemoratas
1298 4150 1427 4228 Nostrae

157 4274 331 4341 Provineias
361 4273 510 4346 invadere,
543 4290 696 4356 occupare,
730 4281 760 4337 et
781 4277 812 4336 in
836 4283 919 4337 suam
941 4278 1117 4355 potestatem
1139 4259 1427 4355 dominationemque

155 4383 298 4463 redigere.
324 4380 422 4444 Verba
444 4368 560 4463 quidem
583 4379 690 4444 desunt
711 4380 749 4445 ad
773 4388 886 4445 tanturn
909 4378 1136 4462 improbandum
1158 4379 1281 4453 latinus,
1315 4379 1347 4443 ln
1370 4399 1427 4462 quo

156 4490 240 4570 plura
263 4496 292 4551 et
314 4488 443 4551 maxima
465 4488 610 4553 habentur
624 4488 780 4552 ieeinure..
793 4488 891 4553 Grave
905 4506 1030 4570 namque
1043 4487 1211 4551 admittitur
1228 4486 1426 4568 saerilegium,

157 4613 214 4677 quo
237 4611 294 4657 una
316 4592 404 4658 simul
426 4594 522 4659 aliena
540 4593 608 4681 jura
632 4602 735 4658 eontra
757 4590 923 4658 naturalem
945 4591 1130 4677 divinamque
1151 4593 1250 4675 legem
1273 4610 1426 4675 usurpan-

153 4709 210 4774 tur,
234 4700 331 4764 omnis
349 4699 484 4787 justitiae
505 4705 592 4781 ratio¹
612 4696 800 4781 subvertitur,
830 4711 861 4765 et
889 4700 1031 4787 eujusque
1061 4698 1160 4764 aivilis
1182 4698 1370 4783 Prinoipatns
1392 4714 1428 4761 aa

154 4812 247 4877 totius
269 4807 412 4875 humanae
434 4806 591 4875 sonnatio
613 4808 805 4877 fundamenta
825 4809 946 4893 penitus
967 4813 1149 4875 evertantur.
