3292 5292
216 188 295 275 stc

305 382 1493 473 Oumlqlturexmspartenoarlnemarlmoaalullleatrlboloas

215 492 425 577 intelligerem,
462 494 563 559 lrrltss
591 490 705 559 lutura
735 511 830 558 roras
859 493 1115 581 expostulrtloues
1141 494 1221 579 apul
1248 515 1301 561 eos
1330 499 1381 581 qul
1407 494 1494 566 cetat

218 598 343 685 nuder
364 598 480 667 mdes
502 597 678 667 olamans
700 618 795 665 cares
815 618 893 666 asae
910 598 990 666 nibil
1008 599 1302 687 bucusqus‘mcnitis
1314 620 1351 666 ac
1365 612 1492 689 questu-

218 710 274 775 bus
310 706 432 803 ilcanla
466 709 609 773 commoti
648 714 732 781 sunta
778 725 819 773 ex
856 706 952 773 altera
977 727 1049 773 raro
1077 690 1163 793 parte
1191 711 1296 785 hume
1329 714 1492 775 centenus
1515 767 1518 773 .

218 814 289 903 quid
309 835 330 879 a
351 813 450 881 Nobis
472 816 504 878 ln
525 820 609 880 tanta
630 832 729 877 rarum
751 812 905 897 iniquitate
928 818 1048 879 omnino
1069 812 1360 897 postuletllccleaias
1382 815 1493 904 bajus-

218 940 273 1006 qus
295 918 486 1003 Apostolloaa
507 919 594 985 Sedis
615 931 650 999 ιο
671 912 765 985 totiu's
782 917 930 985 catbolicl
945 920 1038 993 Orbis
1052 940 1149 1004 causa,
1170 923 1376 1006 inproborum
1390 923 1492 988 bomi-

216 1049 287 1095 num
310 1046 402 1111 opera
423 1034 483 1093 tam
509 1027 700 1093 vehomenter
727 1036 909 1110 oppugnata,
945 1028 1058 1092 ideirco
1078 1029 1243 1094 urendum
1264 1030 1433 1096 Nobis-est
1452 1050 1493 1095 aa

217 1135 328 1202 (liutius
351 1136 516 1199 cunmaubo
538 1134 712 1218 gravissimi
733 1134 828 1198 cnicb
847 1135 957 1200 Nostri
982 1140 1097 1219 muneri
1125 1137 1229 1202 <lesam
1249 1136 1412 1203 violamur.
1446 1138 1493 1203 lio

145 1261 148 1267 ·
216 1261 322 1324 nemus
343 1241 471 1309 abducta
492 1262 542 1307 res
564 1250 623 1323 est,
645 1250 677 1306 ut
691 1240 858 1307 illustribus
872 1242 1142 1309 Praebecea'sorum
1157 1244 1339 1311 Nostrorum
1353 1242 1492 1327 vestigiis

217 1348 406 1415 inherentes
428 1347 564 1433 sunrema
586 1349 639 1413 illa
660 1349 834 1415 auemritste
856 1358 984 1432 utamur,
1006 1354 1062 1438 qua
1084 1370 1150 1416 eum
1173 1344 1304 1433 collare,
1325 1360 1389 1417 tum
1403 1352 1492 1419 etiam

219 1455 315 1540 ligare
337 1456 435 1523 Nobis
458 1456 601 1521 divinitus
624 1448 725 1521 (latum
747 1463 809 1535 este
831 1464 865 1522 ut
885 1439 1025 1523 nimirum
1041 1459 1139 1523 debita
1153 1462 1184 1523 in
1200 1466 1304 1525 soutm
1319 1459 1495 1525 adhibeatur

219 1562 374 1668 serqritaa,
395 1584 488 1649 eaque
510 1564 633 1629 curari
656 1563 763 1629 ceteris
786 1564 926 1647 exemplo
947 1564 996 1629 sit

307 1670 407 1757 Itaque
429 1680 500 1756 post
522 1672 625 1736 [lirini
647 1673 776 1754 spiritua
798 1672 898 1737 lumen
920 1676 1048 1756 privatis
1061 1672 1257 1756 ¹publicisque
1272 1673 1417 1756 ,precibus
1431 1672 1493 1737 im-

218 1778 398 1862 plorantum,
430 1787 502 1863 post
535 1779 699 1855 adhibitum
720 1777 847 1843 selectae
869 1780 931 1843 Vl.
954 1778 1022 1843 FF.
1043 1779 1112 1844 NN.
1136 1782 1168 1843 S.
1189 1779 1495 1845 macaronesum

221 1882 469 1969 congregationis
499 1884 668 1966 consilinm,
699 1889 883 1952 Auctoriteto
905 1884 1128 1968 omnipotentis
1158 1887 1216 1951 Ilei
1239 1893 1269 1951 ct
1290 1886 1336 1951 bs.
1359 1890 1494 1975 Aposto·

220 1990 318 2059 lorum
339 1993 423 2059 Petrl
444 1992 579 2076 cti'auli
608 2012 643 2057 uc
665 1995 779 2061 Nostra
806 1994 903 2058 denuo
925 1994 1117 2073 declaramus,
1151 2013 1204 2057 eos
1226 2014 1340 2069 omnes,
1363 1996 1413 2078 qm
1433 2014 1494 2059 ue-

219 2100 324 2167 iariam
354 2102 394 2166 in'
416 2099 577 2186 weedletia
598 2100 770 2167 Pontlbcisc
798 2100 928 2166 Nostrae
949 2099 1085 2165 ›Ditiouis
1113 2100 1280 2165 Provinciis
1302 2100 1494 2166 rebellionem

219 2214 249 2273 et
271 2228 371 2273 earum
393 2208 624 2293 usurpationem,
648 2210 879 2292 occupationem,
902 2207 1097 2281 invasionem,
1119 2216 1150 2273 at
1171 2210 1229 2273 alia
1250 2205 1433 2298 bujusqui,
1452 2206 1495 2271 ‘ele

221 2313 326 2403 quibus
348 2320 381 2380 in
403 2316 575 2399 memoratis
597 2317 720 2382 Nostris
737 2294 974 2409 bllooutionibus
997 2316 1046 2380 ‹lic
1067 2317 1130 2381 XX.
1146 2304 1232 2379 lunii
1253 2324 1283 2382 ct
1305 2314 1496 2397 xxlbbep-

219 2424 345 2493 tenbris
368 2424 532 2506 superioris
555 2425 625 2489 anni
649 2423 801 2507 conquesti
823 2442 936 2503 curuos,
958 2420 1005 2486 vel
1028 2442 1130 2490 eorum
1153 2420 1252 2506 aliqua
1275 2430 1495 2512 perpetrarunt,
1513 2506 1519 2516 .

222 2534 347 2616 itemquo
363 2516 696 2616 ipsorum'manelantes,
712 2530 860 2610 lautores,
881 2527 1045 2616 adjutores,
1069 2530 1266 2611 comillarios,
1290 2526 1495 2607 tribuerentur,

218 2638 267 2704 vel
297 2636 373 2704 allos
405 2658 602 2724 quoscumque
631 2618 852 2723 praedicturum,
875 2656 975 2702 rerum
1002 2636 1228 2721 exequutionem
1251 2636 1511 2727 quolibetprac-1,

219 2753 304 2813 textu
327 2752 357 2811 et
378 2748 483 2830 quovis
505 2746 594 2811 uoco
617 2751 819 2831 procurantes,
843 2745 968 2833 vel-per
989 2762 1022 2807 se
1037 2741 1120 2828 ipsos
1136 2752 1332 2829 exequentes,
1348 2742 1494 2831 blajorem

220 2846 573 2935 bixoommuuicetione'm,
587 2852 720 2939 aliasque
735 2870 878 2918 censuras
893 2871 928 2916 ac
942 2870 1053 2935 poenas
1067 2849 1285 2935 ecclesiasticas
1298 2873 1316 2918 a
1328 2854 1379 2917 bs.
1389 2843 1499 2915 (lano-¹

220 2961 319 3037 uibus,
341 2958 527 3045 Apostolicis
550 2958 821 3027 constitutionibus
844 2966 875 3024 et
890 2959 1079 3024 (leueralium
1093 2955 1303 3041 conciliorum,
1325 2957 1495 3023 Tridentini

219 3072 397 3155 pracsertim
429 3068 530 3154 (Sese.
554 3069 660 3136 XXII.
681 3067 765 3152 ,ocu
786 3054 845 3135 XI.
874 3066 913 3146 de
934 3064 1080 3151 reform.)
1117 3066 1255 3131 Decretis
1288 3064 1414 3131 inflictas
1442 3067 1495 3130 in-

221 3178 367 3256 ourriaae3¹
389 3178 466 3241 etsi
489 3195 565 3260 opus
588 3184 644 3256 est,
667 3175 706 3240 ele
724 3194 802 3239 novo
817 3174 1128 3254 Excommunlcamus,
1150 3180 1180 3237 et
1195 3172 1495 3253 eluatbcmatisumua,

220 3286 291 3353 item
308 3283 503 3359 declarantes,
520 3288 604 3368 ipsos
618 3278 751 3349 omnium
765 3289 794 3346 et
808 3300 1055 3368 quorumcumque
1069 3282 1305 3366 privilegiorum,
1315 3285 1495 3365 gratiarum,

220 3401 252 3459 et
272 3390 455 3457 indultorum
484 3390 544 3457 sibi
572 3410 592 3456 a
619 3390 716 3466 uobis,
749 3407 803 3455 sau
828 3387 972 3453 Romanis
999 3387 1191 3455 Pouoflcibua
1212 3388 1497 3455 Pracdeacssoribus

220 3499 352 3579 Nostris
392 3497 613 3583 quomodolibet
649 3513 860 3584 concessorum
886 3496 1057 3562 amissionis
1072 3485 1196 3579 ‘poenas
1224 3516 1260 3589 eo
1289 3489 1354 3579 ipso
1383 3501 1497 3581 pariter

221 3608 403 3684 iucurrisss3
435 3624 491 3671 uec
519 3625 538 3667 a
568 3608 702 3669 cessuris
732 3604 903 3693 bujusmodi
933 3624 953 3669 a
980 3623 1135 3688 quoquam,
1164 3602 1227 3669 uisi
1255 3604 1272 3667 'a
1301 3604 1409 3684 Nobis,
1442 3589 1501 3669 ssu

222 3717 358 3783 Romano
381 3710 523 3778 Pontlboe
544 3728 602 3796 pro
625 3719 758 3796 tempore
780 3714 929 3777 existente
952 3710 1176 3797 (praeterquam
1191 3712 1223 3775 in
1238 3716 1346 3776 mortis
1361 3709 1496 3785 articula

222 3831 253 3889 et
274 3828 343 3887 tnnc
372 3838 437 3885 cum
466 3817 662 3885 coincidentia
682 3822 715 3883 in
735 3818 860 3884 'melem
882 3836 1024 3882 οοοιοοοοο
1047 3836 1083 3882 co
1105 3822 1173 3902 ipso
1195 3839 1252 3901 quo
1273 3816 1496 3901 convaluerint)

222 3928 340 3997 absolvi
367 3946 403 3993 ao
431 3928 552 3994 liberari
581 3942 688 4012 noase3
726 3945 761 3990 ao
786 3926 910 4009 iusuper
939 3924 1085 3990 lababiles
1111 3934 1142 3989 et
1169 3927 1325 4009 incapaces
1355 3946 1425 3991 esse
1447 3926 1497 4010 qui

224 4025 419 4104 absolutionis
444 4036 618 4099 beneficium
641 4022 874 4118 consequuntur,¹
891 4034 984 4097 donec
1006 4032 1107 4097 omnia
1121 4033 1342 4117 quomodolibet
1354 4040 1497 4098 coenula

222 4124 338 4229 publice
359 4145 595 4237 retractaverint,
624 4140 839 4214 revocaverint,
862 4138 1051 4219 messuerint,
1075 4140 1317 4221 staboleverint,
1338 4158 1375 4204 ae
1397 4140 1497 4205 omnia

223 4255 256 4317 ln
284 4250 445 4335 pristinum
475 4255 584 4314 matum
612 4248 747 4332 plenaria
769 4240 799 4310 et
822 4264 889 4311 oum
912 4248 1015 4323 ellectu
1036 4244 1315 4328 redintegraverint,
1348 4243 1495 4345 salellas

225 4359 355 4426 debitam
379 4365 408 4423 et
431 4356 610 4439 condignum
632 4353 790 4435 Ecclesiae,
823 4373 858 4418 ac
878 4352 985 4435 Nobis,
1018 4359 1048 4417 et
1070 4351 1137 4417 bulo
1160 4355 1286 4420 Sanoua
1307 4353 1378 4419 Sodi
1400 4358 1497 4419 sufis-

225 4466 384 4531 isctionem
405 4468 437 4528 in
460 4462 637 4548 praemissis
659 4464 874 4543 praestiterint.
904 4460 1021 4532 idcirco
1042 4456 1116 4524 illos
1137 4478 1250 4536 omnes,
1273 4464 1363 4526 etiam
1376 4462 1497 4543 specia-
1528 4510 1539 4530 ,

225 4574 342 4640 lissima
362 4557 510 4636 mentione
531 4569 649 4653 dignos,
673 4587 727 4633 nee
748 4581 810 4633 non
832 4570 951 4632 illorum
971 4584 1161 4631 successores
1177 4570 1209 4631 iu
1223 4567 1334 4659 ciliciis
1348 4588 1367 4632 a
1381 4576 1497 4632 retrae-

226 4683 348 4763 tatione,
378 4683 574 4755 revocatione,
605 4678 773 4757 cassatione
801 4685 832 4741 et
859 4674 1020 4740 abolitione
1048 4675 1179 4740 omnium
1200 4682 1233 4739 ut
1255 4695 1347 4760 supra
1366 4681 1498 4741 attenta-

228 4768 324 4858 torum
354 4806 409 4878 per
430 4807 465 4856 ae
486 4786 572 4873 ipsos
594 4785 740 4869 iacienda,
762 4782 822 4859 rel
844 4781 919 4872 alias
941 4781 1041 4849 debita
1061 4791 1092 4849 et
1113 4782 1261 4869 condigna
1282 4782 1440 4859 Ecclesiae,
1462 4798 1499 4848 aa
