3292 5292
1369 254 1450 368 aar

180 487 304 570 „Utrum
317 460 480 571 probibitio⁴
493 467 690 552 absolutionis
705 505 760 570 pro
777 481 921 550 defunctis
935 492 1005 569 past
1018 485 1142 551 misaam
1156 481 1194 552 ra
1208 483 1265 560 dic,
1287 487 1377 550 attam
1392 505 1452 552 ax·

180 593 262 659 tendi
277 592 381 657 debeat
394 593 432 658 ari
447 611 557 672 casum,
578 593 610 655 in
624 611 680 674 quo
693 591 835 657 sacerdos
849 596 945 655 sacris
961 592 1091 656 rantibus
1105 599 1213 658 exutus
1228 576 1304 656 banc
1318 575 1453 657 iunctib-

180 693 248 764 nem
263 681 430 783 perageret,
451 707 540 783 prout
561 703 683 762 omnino
706 703 738 762 in
761 701 821 763 ritu
842 697 1089 780 independentem
1112 704 1142 763 et
1163 700 1291 764 alienam
1306 687 1325 763 a
1339 699 1452 763 Missa?

181 807 220 872 Et
235 815 374 890 quatenus
389 807 590 888 affirmative,
613 824 666 886 pro
687 813 771 887 parte
786 805 864 868 limi.
879 804 945 887 Epi.
961 803 999 868 N.
1016 788 1201 888 supplicatur
1215 809 1271 888 pro
1286 807 1399 888 gratia3
1422 804 1453 866 in

181 915 237 978 aaa
258 915 337 978 anim
360 913 501 990 dioecesi,
532 914 682 994 liturgiam
705 911 870 976 Romanam
891 930 996 976 recena
1019 911 1224 994 amplectente,
1257 931 1328 976 usus
1350 914 1452 975 barum

181 1021 396 1085 absolutionum
415 1018 594 1106 jampridem
617 1017 832 1082 inoleverat...
872 1019 970 1112 Nunc·
988 1026 1088 1112 autem
1114 1019 1140 1082 si
1164 1019 1202 1082 ad
1223 1022 1354 1101 rigorem
1372 1016 1453 1105 juria

181 1127 362 1196 redeundum
386 1132 473 1198 asset,
508 1127 539 1190 irl
562 1126 800 1208 forsitamaagra
823 1124 935 1188 ferrent
957 1127 1113 1209 populis..
1136 1122 1327 1210 obloquentes
1350 1133 1453 1217 contu

180 1233 330 1317 liturgiam
355 1252 448 1316 nuper
469 1229 698 1296 introductam.“
729 1231 765 1294 Et
787 1229 1299 1314 Saerailongregatiod.12·sept.
1321 1236 1403 1300 1857
1421 1228 1454 1314 ¹)

181 1339 355 1424 respondite
424 1403 426 1410 ,
471 1417 473 1427 ,
917 1375 920 1382 -
1147 1350 1155 1401 ·,

191 1428 193 1436 ’
271 1442 522 1528 „Supplicandum
545 1444 741 1508 Sanctissimo
764 1463 821 1526 pro
845 1441 941 1526 gratia
962 1443 994 1507 ia
1016 1461 1096 1523 assu,
1118 1447 1254 1526 exceptis
1276 1442 1357 1528 alupl.
1382 1445 1400 1506 1
1425 1452 1455 1509 at

182 1559 203 1622 2
227 1551 336 1618 classis
359 1561 389 1617 et
411 1552 453 1616 ael
471 1553 605 1616 meatem.
629 1549 716 1614 Mens
739 1560 794 1624 est,
819 1559 851 1614 ut
875 1550 1052 1616 Ordinarius
1075 1569 1119 1625 ea,
1143 1541 1199 1634 qua
1214 1562 1355 1635 praestat,
1378 1571 1453 1633 pru-

182 1661 282 1726 dentia
305 1668 335 1724 et
357 1657 423 1725 salo
446 1668 529 1722 curet
552 1658 792 1738 consuetudines,
813 1657 851 1722 dc
871 1659 975 1742 quibus
991 1658 1022 1720 in
1038 1657 1136 1733 dublo
1151 1659 1294 1740 paulatim
1308 1643 1455 1724 aboleri.“

790 1835 843 1900 Vl.

268 1946 319 2025 Dc
334 1961 554 2044 pn'mume‘oeu
575 1959 651 2044 (boc
666 1925 841 2056 estielaea,
856 1979 930 2043 quac
943 1962 974 2022 tn
990 1958 1219 2042 missaliprinto
1235 1957 1302 2024 loco
1317 1957 1456 2044 ponitur)

177 2088 234 2151 pro
255 2069 420 2150 defunctis
443 2069 473 2132 in
496 2066 715 2132 anniversaria
738 2067 786 2130 alie
807 2075 934 2130 cantata
973 2145 978 2152 .

198 2249 202 2254 ,
270 2181 324 2244 29.
348 2174 453 2265 Canon
476 2175 632 2250 addititius
647 2171 682 2256 ²)
706 2172 842 2240 blissalia
864 2178 910 2237 sic
932 2173 1034 2236 babet:

269 2278 445 2367 „Epistolaa
475 2289 506 2344 ct
532 2277 697 2362 Evangelia
728 2282 868 2363 superius
884 2277 917 2365 ³)
940 2279 1038 2362 posita
1062 2283 1093 2344 in
1117 2300 1175 2344 una
1197 2281 1292 2345 Missa
1314 2295 1370 2364 pro
1392 2281 1455 2346 Da-

180 2388 291 2453 iuuctls
313 2389 373 2452 dici
395 2397 523 2473 possunt
545 2393 632 2453 stiam
656 2390 686 2452 iu
709 2390 768 2452 alia
789 2390 896 2466 Missa,
926 2385 1067 2452 similiter
1088 2408 1143 2471 pro
1161 2389 1351 2480 ‚Dciunotiw‘

159 2505 163 2510 ’
266 2496 336 2560 lam
358 2489 546 2580 varo'prima
557 2495 671 2574 Missa,
693 2497 724 2559 in
741 2486 1021 2561 commemoratione
1036 2496 1166 2569 omnium
1181 2493 1310 2560 bdelium
1327 2496 1455 2560 deiunc-

179 2612 276 2670 torum
299 2605 491 2686 praescripta,
521 2610 638 2687 praeter
667 2605 822 2684 epistolam
846 2593 882 2667 ¹et
903 2601 1095 2686 Evangelium
1113 2601 1195 2668 nibil
1219 2603 1315 2681 babet,
1345 2607 1376 2666 in
1399 2623 1455 2688 quo
1523 2678 1526 2683 ,

180 2711 294 2776 urant
315 2731 335 2774 a
356 2709 450 2774 missa
471 2732 526 2794 pro
550 2710 598 2774 elia
620 2712 827 2775 anniversaria
847 2710 962 2793 posita3
1000 2711 1118 2776 dixerat
1145 2712 1253 2796 quippe
1283 2710 1455 2800 lidmundus

179 2820 343 2883 orationem
367 2819 597 2882 convenientem.
643 2817 724 2898 Ergo
746 2837 816 2881 reus
840 2817 888 2900 agi
912 2837 973 2881 non
994 2817 1082 2882 debet
1103 2821 1230 2882 violatae
1246 2815 1326 2900 legia
1342 2838 1382 2882 ex
1399 2819 1456 2883 boc

179 2930 286 3010 capite.
333 2926 378 2991 De
401 2924 598 2996 Crederem,
635 2943 694 2988 non
719 2932 766 2987 est
789 2943 841 2988 cur
862 2927 949 3006 plura
971 2925 1113 2991 dicamus.
1166 2926 1170 2930 ’

572 3100 811 3200 eononosro
838 3101 1062 3183 nonomen.
1172 3075 1176 3084 ’

268 3235 320 3297 30.
343 3229 389 3294 Ex
404 3227 453 3302 iis,
476 3247 548 3312 quae
564 3226 714 3311 disputata
729 3228 878 3311 bucusque
892 3235 972 3304 sunt,
993 3248 1049 3310 pro
1067 3224 1227 3292 Germania
1243 3235 1346 3291 nostm
1361 3224 1456 3292 eolli-

180 3354 249 3417 gara
271 3344 334 3398 tuto
351 3353 511 3416 possumus
527 3334 697 3417 bipartitum
714 3334 769 3410 boc
784 3335 995 3399 consectarium
1010 3339 1191 3418 practicumz
1213 3335 1320 3398 Primo
1337 3328 1455 3417 quidem

180 3462 236 3525 pro
260 3440 471 3506 cousuetudine
494 3444 590 3524 aliqua
612 3443 786 3519 retinenda„
801 3440 957 3505 ritualibus
979 3443 1142 3505 canonibus
1164 3445 1272 3521 operte
1294 3442 1455 3518 contraria,

181 3542 406 3631 supplicandum
429 3552 550 3612 omnino
574 3569 642 3612 esec
664 3549 861 3612 Sanctissimo
884 3548 1013 3612 Domino
1033 3567 1089 3628 pro
1106 3550 1237 3631 gratim
1259 3547 1370 3634 ddode
1385 3567 1455 3611 vero

179 3659 269 3719 etlam
291 3655 358 3718 aliis
382 3653 497 3732 usibus,
519 3673 579 3719 non
594 3655 749 3719 manifeste
764 3656 892 3738 quidem,
915 3655 966 3718 sed
982 3655 1193 3738 quadamtenus
1210 3663 1323 3719 tantum
1338 3642 1456 3739 legibus

178 3760 327 3843 liturgicis
357 3761 590 3843 repugnantibus
621 3760 808 3826 vehementer
838 3781 905 3826 esse
935 3758 1159 3841 consulendum,
1191 3769 1224 3824 ut
1252 3759 1290 3824 aa
1319 3763 1455 3827 maram

179 3867 286 3936 bedam
315 3875 491 3932 recurratur.
521 3867 667 3950 Exemplo
695 3867 780 3952 uobis
806 3873 867 3931 sint
892 3870 997 3933 Patrcs
1019 3867 1055 3933 ll.
1081 3865 1207 3953 concilii
1225 3847 1385 3955 Reseratis
1408 3887 1455 3933 an.

181 3983 265 4044 tusa
288 3979 320 4038 in
344 3974 416 4038 baec
439 3974 528 4038 verba
551 3975 586 4036 da
609 3973 870 4039 consuetudinibus
893 3972 1037 4056 uteunque
1060 3979 1207 4056 suspectis
1217 3972 1365 4059 judicium
1380 3995 1456 4058 prn-

180 4081 334 4145 iarentesz
350 4074 383 4164 ⁴)
413 4081 566 4162 „Aequum
597 4088 642 4142 eat
671 4099 704 4142 ac
728 4080 867 4160 salutare,
905 4081 1065 4144 secundnm
1097 4082 1189 4162 ipsius
1220 4091 1341 4145 sanctas
1371 4082 1457 4146 Sedis

178 4196 315 4266 mantem,
338 4186 409 4251 illas
430 4189 543 4251 servari
566 4188 706 4270 quasdam
729 4187 1135 4268 locorum‘consuetadines‚
1159 4208 1230 4271 quac
1253 4209 1271 4251 a
1293 4187 1458 4271 pulticula-

181 4292 264 4358 ribus
293 4294 370 4380 juris
404 4295 571 4358 communis
602 4279 890 4378 praesumptionibus
922 4297 963 4358 ita
992 4295 1142 4373 recedunt,
1176 4304 1208 4358 nt
1237 4295 1458 4361 conditionibus

185 4402 365 4464 necessariis
387 4401 521 4480 vestitae,
543 4422 598 4484 per
620 4402 677 4464 boc
699 4404 730 4466 in
753 4390 941 4488 ipsius-juria
957 4401 1069 4466 ambitu
1083 4387 1338 4488 contineantur...
1354 4400 1457 4466 ¹(lom-

181 4541 387 4554 uun-*-

252 4609 278 4676 ¹)
295 4614 329 4664 ari
347 4615 408 4666 dub.
426 4613 487 4665 xxr.

254 4699 281 4765 ¹)
301 4702 327 4765 ς.
346 4701 417 4753 final.
435 4705 493 4765 pant
509 4705 581 4754 mna.
605 4705 748 4770 quotidiana.
865 4701 868 4706 ’

256 4789 282 4856 ⁸)
301 4804 337 4843 aa.
357 4792 384 4841 ln
403 4797 513 4856 quatuor
529 4795 619 4845 missia
637 4807 687 4856 pro
706 4794 839 4847 remacle
857 4796 950 4856 posita.
1052 4815 1057 4822 ¹

209 4938 211 4958 .
254 4881 282 4952 ⁴)
301 4883 402 4936 narret.
421 4880 541 4937 Prasino.
558 4883 630 4938 ilem.
651 4883 682 4935 tt
701 4895 726 4954 p.
744 4884 786 4940 ³⁰.
