3292 5292
1320 240 1404 320 Nm

135 456 226 521 ,pon
246 448 337 522 possa
358 438 425 507 Noa
453 444 699 505 tommsmoratas
720 435 893 515 Pontificius
914 438 1044 504 Nostrae
1069 434 1197 515 Ndonis
1225 436 1257 502 ia
1279 435 1409 504 sontis
1476 495 1485 510 ,

132 527 327 615 ,pruvinum
352 528 500 608 abdioara,
531 528 600 613 quin
630 529 785 609 solemnia,
821 528 927 611 quibus
949 527 1086 592 obstrtati
1108 545 1230 608 sumus,-
1238 524 1408 613 juramaata

132 616 306 699 „violemus
339 622 410 702 quin
439 617 575 702 querelas
602 625 756 701 motusque
783 622 815 680 in
843 614 965 700 reliquis
985 616 1108 681 Nostris
1136 619 1300 698 prorinoiis
1320 616 1409 681 exai-

131 716 261 786 ‚,temus,
285 710 356 791 quin
378 706 534 771 eutholiois
555 706 694 771 omnibus
716 705 856 791 iujuriam
877 707 1051 784 inieramus,
1081 707 1151 788 quin
1172 706 1297 789 denique
1318 704 1408 785 indr-
1454 727 1457 731 ·

131 815 267 877 „memus
291 797 363 884 jura
390 816 450 861 uon
480 798 577 860 solum
604 795 706 860 ltaliae
733 795 915 877 Prinoipum,
952 799 1002 878 qui
1030 794 1094 859 suis
1123 796 1264 859 dominiis
1296 793 1409 881 injuste

130 882 283 968 „spoliati
307 886 438 963 sumunt,
464 905 567 951 rerum
596 889 685 949 etium
713 885 846 949 omnium
874 887 968 962 totius
992 882 1152 947 ‘olristiani
1179 885 1264 949 orbis
1287 884 1409 949 Prinai-

132 994 236 1059 „pum,
269 978 319 1058 qui
341 974 543 1040 indifferenter
565 975 667 1039 ridere
689 978 845 1058 nequirent
865 971 1123 1055 pernioiosiasima
1144 974 1285 1058 quaedam
1299 972 1409 1054 'indual

133 1068 316 1149 „prinoipia
339 1064 443 1149 Neque
464 1065 737 1147 praetermissimus
758 1064 986 1138 animadreters,
1007 1060 1197 1147 Majastatem
1219 1064 1309 1127 Suam
1330 1061 1409 1127 haud

133 1160 296 1237 „ignorare
325 1174 381 1238 per
402 1173 476 1239 quos
498 1155 646 1234 homines,
680 1153 842 1236 quibusque
863 1156 1008 1236 pecuniis,
1039 1171 1074 1216 aa
1095 1152 1256 1235 praesidiis
1276 1159 1410 1216 meantes

133 1243 332 1317 „rebellionis
354 1262 445 1309 ausus
466 1242 627 1316 Bononiae,
665 1244 823 1325 Ravennae
844 1250 874 1305 et
894 1245 926 1306 iu
947 1241 1023 1306 aliis.
1038 1242 1209 1305 eivitatibus
1232 1244 1354 1306 exaltati
1375 1257 1409 1304 ao

131 1336 269 1416 „perard
290 1332 411 1410 iuer‘urt,
439 1330 508 1397 dum
530 1334 618 1415 longe
640 1336 773 1397 maxima
794 1332 972 1414 populorum
994 1350 1066 1414 pars
1087 1332 1217 1396 motibus
1235 1330 1311 1403 illis.
1334 1350 1409 1414 quos

131 1424 277 1496 „niuims
307 1420 493 1505 opinabatur,
524 1423 616 1487 veluti
644 1422 770 1486 attonita
796 1428 937 1500 manerat,
969 1429 1000 1484 at
1027 1420 1067 1484 ad
1087 1418 1161 1485 illos
1183 1420 1352 1504 sequendos
1374 1438 1410 1484 se

130 1512 236 1589 „nullo
258 1511 348 1575 modo
368 1530 550 1594 propensam
572 1510 734 1578 ostendit.“
771 1510 810 1575 lit
839 1514 976 1594 quoniam
1004 1510 1218 1574 dorauimirnus
1246 1509 1410 1592 lmpsrator

132 1598 202 1664 illas
225 1599 399 1665 Proriuoias
422 1621 441 1663 a
461 1601 560 1667 Nobis
587 1599 770 1664 abdicandos
797 1618 864 1663 assa
895 1598 1035 1663 oeusebrt
1056 1599 1095 1663 ob
1117 1598 1289 1663 rebellionis
1309 1606 1409 1663 motus

131 1688 175 1753 ibi
197 1688 361 1753 identidem
384 1690 542 1769 exaitatos,
563 1698 730 1772 opportune
751 1688 968 1772 respondimus,
998 1686 1170 1775 hujusmodi
1192 1695 1409 1770 argumsntum,

132 1784 236 1861 utpote
260 1778 350 1843 nimis
373 1780 513 1862 probans,
545 1778 620 1843 nihil
642 1781 757 1843 valera:
789 1777 1025 1861 quandoquidem
1047 1796 1106 1842 uon
1127 1777 1293 1842 dissimiles
1313 1784 1410 1842 motus
1481 1824 1484 1828 »

131 1874 195 1932 tum
219 1871 252 1931 in
274 1867 408 1951 Europae
430 1867 614 1949 regionibus,
636 1877 697 1933 tum
720 1868 792 1932 alibi
813 1884 958 1950 persaepe
979 1869 1154 1945 assuerunt3
1187 1875 1218 1931 et
1238 1885 1328 1931 namo
1348 1886 1410 1933 non

131 1956 215 2021 ridet
242 1957 408 2039 legitimum
436 1958 547 2022 exinde
573 1959 641 2039 oapi
671 1976 731 2022 nou
753 1976 844 2040 posse
864 1963 1070 2039 argumentum
1091 1957 1131 2020 ad
1153 1958 1259 2021 uiriles
1280 1956 1408 2021 ditium

132 2044 359 2112 imminuendam.
381 2048 478 2130 Atque
492 2045 572 2111 laud
586 2048 757 2111 omissimus
779 2045 876 2109 eidem
892 2045 1069 2128 lruperatori
1090 2065 1241 2130 exponere
1258 2044 1410 2110 dirersm

118 2134 222 2219 plane
252 2134 348 2201 inisse
376 2155 394 2198 a
422 2139 584 2219 postremis
617 2140 681 2201 ruis
712 2134 839 2199 Litteris
868 2139 993 2217 prima·
1023 2151 1106 2199 suam
1141 2132 1309 2220 Epistolsru
1341 2142 1410 2199 ants

132 2222 268 2289 ltaliaum
290 2222 400 2288 bellum
422 2224 461 2288 ad
481 2226 546 2289 Nos
569 2224 677 2303 domm,
700 2244 773 2308 quae
794 2223 894 2289 Nobis
917 2224 1162 2302 aonsolationem,
1183 2243 1244 2289 uon
1266 2222 1409 2289 afflietio-

133 2330 199 2379 nem
232 2314 340 2377 attulit.
373 2312 449 2379 Oum
471 2324 568 2379 autem
590 2332 630 2378 ex
652 2314 818 2396 quibisdsm
841 2311 1010 2396 imperialis
1030 2315 1176 2398 epistolae
1198 2334 1253 2397 per
1274 2332 1410 2378 samme-

132 2409 267 2468 morstas
289 2402 492 2486 ephemeridas
516 2404 612 2467 editae
635 2403 735 2468 verbis
757 2404 917 2468 timendum
929 2402 1028 2468 Nobis
1048 2422 1119 2467 esse
1140 2404 1351 2485 censuerimus,
1371 2422 1410 2467 ns

131 2491 303 2573 praediatus
324 2491 453 2556 Nostrae
474 2496 506 2556 in
528 2490 657 2577 Aemilia
677 2495 848 2576 provinoiae
865 2491 930 2577 jam
953 2500 1054 2557 essent
1068 2491 1304 2557 oonsiderandaa
1318 2492 1411 2558 veluti

132 2599 150 2643 a
169 2580 332 2646 Pontilria
353 2584 467 2647 Nostra
488 2580 601 2646 ditione
623 2581 791 2663 distraetus,
814 2581 926 2646 ideireo
944 2581 1135 2669 Majestatem
1150 2584 1240 2646 Suam
1254 2580 1410 2647 Eoolssiae

136 2670 259 2735 nomine
279 2672 461 2753 rogavimus,
491 2679 524 2735 ut
546 2672 633 2736 etiam
655 2672 772 2755 proprii
793 2674 891 2757 ipsius
914 2669 1081 2758 mejestatis
1103 2673 1180 2737 Suae
1201 2672 1272 2754 boni
1293 2670 1410 2737 utilita-
1536 2731 1543 2743 ,

133 2762 232 2846 tisqus
259 2757 364 2824 intuitu
395 2758 534 2831 efflueret
571 2767 603 2824 ut
631 2760 803 2847 hujusmodi
833 2761 947 2825 Noster
975 2760 1065 2825 timor
1093 2759 1182 2843 plana
1211 2763 1409 2826 erauesaerot.

131 2848 176 2912 Aa
197 2854 327 2932 paterna
349 2845 404 2912 illa
426 2846 557 2928 raritate,
591 2868 649 2933 qus
670 2850 871 2932 sempiternas
893 2854 1023 2915 omnium
1045 2851 1135 2915 saluti
1155 2854 1331 2934 prospicere
1352 2850 1410 2915 ds-

133 2936 249 3016 ldmus,
272 2937 304 3002 in
326 2936 425 3021 ipsius
447 2945 575 3003 mentem
596 2943 811 3018 revocavimus,
839 2939 877 3002 ab
900 2940 1038 3004 omnibus
1060 2940 1229 3003 distriotam
1251 2938 1410 3023 aliquando

132 3030 281 3091 ratiouam
303 3036 372 3091 aute
393 3028 540 3093 mourut
558 3024 675 3092 Christi
689 3047 758 3092 asse
771 3027 963 3103 reddendam,
985 3036 1016 3092 st
1029 3030 1253 3093 severissimum
1263 3027 1410 3116 judiaium

132 3114 328 3201 subeundum,
350 3133 385 3180 aa
406 3125 564 3200 propterea
588 3117 692 3201 auique
714 3118 805 3182 enixe
828 3117 990 3184 ourmdum
1012 3124 1045 3183 ut
1066 3118 1289 3201 miserirordiae
1310 3118 1409 3201 potius

133 3221 221 3289 amm
237 3203 382 3293 justitiae·
402 3206 523 3271 edentur
544 3211 723 3289 experiatur.

175 3348 178 3354 “
222 3328 306 3403 llaao
327 3333 505 3415 praesertim
527 3330 606 3394 inter
633 3331 694 3407 alia
719 3349 835 3396 summo
864 3328 1018 3404 Gallorum
1044 3331 1218 3415 imperatori
1246 3330 1409 3413 respondi-

133 3438 207 3499 mus,
232 3438 304 3503 quaa
326 3420 428 3501 Vobis,
459 3418 652 3486 Venerabilss
674 3419 805 3500 Fratres,
837 3419 1033 3502 signidoanda
1063 3439 1131 3485 osse
1154 3411 1275 3485 oninino
1298 3418 1410 3484 existi-

133 3512 289 3588 mavimus,
312 3515 346 3573 ut
360 3510 424 3574 Vos
438 3508 470 3574 in
486 3510 606 3593 primis,
630 3516 660 3573 et
675 3509 831 3574 universus
846 3507 1014 3573 satloliaus
1029 3508 1112 3573 orbis
1135 3514 1232 3591 magis
1255 3511 1409 3592 magisque

133 3606 286 3681 agnosaat,
309 3597 386 3673 Nos,
408 3598 474 3663 Deo
496 3596 668 3673 auxillante,
690 3620 745 3683 pro
769 3598 943 3681 gravissimi
967 3599 1059 3664 onisii
1072 3596 1181 3663 Nostri
1194 3599 1296 3663 debito
1310 3597 1410 3662 omnia

133 3685 283 3771 impavida
305 3686 416 3775 sonari,
438 3686 570 3771 nihilque
592 3692 768 3753 inteutatum
790 3686 966 3771 relinquere,
988 3696 1022 3752 ut
1042 3686 1257 3771 religiositas
1272 3688 1410 3775 justitiae

134 3792 257 3844 oausam
277 3775 397 3840 iortitar
417 3796 650 3859 propugnamus,
673 3785 703 3841 st
725 3779 843 3841 uirilem
865 3776 1014 3841 Romanae
1027 3774 1180 3841 Euolesiaa
1201 3781 1409 3861 prinoipatunr,

135 3861 258 3950 ejusque
279 3868 700 3948 temporalsspossessiouas
722 3884 757 3929 so
775 3866 856 3953 jura,
885 3885 959 3951 puae
981 3866 1019 3930 ad
1041 3866 1209 3931 universum
1231 3863 1410 3932 ortlolioum

135 3953 237 4019 ortam
266 3958 425 4037 pertinent,
457 3958 583 4037 integra,
613 3964 643 4019 et
671 3956 813 4020 inviolata
844 3962 1015 4020 oonstanter
1033 3964 1176 4020 tueamur
1197 3965 1227 4020 ot
1248 3972 1411 4033 mamus,
1440 3956 1444 3964 '

135 4042 1413 4213 :utititt‘t'lti'tid'“ttttttttttittttdit'tilit

135 4222 299 4286 modsw‘
322 4152 483 4305 (tdanfa.
509 4228 560 4301 id,
583 4242 612 4287 ι.
636 4154 709 4306 gd),
727 4156 773 4289 atq
783 4224 894 4301 „droti
912 4226 969 4307 pai
983 4181 1223 4307 pdrewdoneor
1242 4180 1411 4307 pdtr'sotarr

133 4314 257 4393 propter
270 4310 454 4393 jarrtr'tr’uru‘⁸
477 4310 597 4391 (Metti.
621 4331 646 4381 o.
671 4320 703 4392 5,
724 4334 754 4377 ι.
780 4314 851 4397 10),
881 4314 1104 4397 paratisuurus
1126 4312 1255 4378 illustria
1276 4308 1411 4379 Praedo-

136 4416 288 4469 aeasoruru
303 4402 481 4475 Nostrorum
504 4403 633 4483 vestigia
654 4408 803 4486 persequi,
826 4404 964 4485 euempla¹
978 4402 1131 4483 aemulari,
1153 4412 1301 4486 etaspsra
1315 4424 1411 4490 puae-

138 4507 191 4571 ιιι
219 4498 249 4555 et
276 4490 382 4554 auerba
411 4488 537 4573 perpati,
575 4508 609 4554 aa
638 4490 686 4556 rel
714 4492 816 4575 ipsam¹
841 4497 970 4556 animam
997 4512 1119 4576 ponere,
1156 4501 1313 4576 antequam
1343 4491 1409 4567 net,

139 4573 286 4644 miratae
307 4597 343 4642 ro
360 4576 493 4665 justitias
516 4597 636 4646 eausam
657 4578 720 4646 ullo
742 4582 831 4645 modo
853 4580 1034 4649 deseramus.
1059 4582 1119 4647 Sed
1139 4583 1187 4647 rel
1208 4583 1296 4647 iaoile
1309 4577 1411 4669 ¹conji-

139 4682 204 4732 aare
216 4668 357 4752 potestis,
372 4666 561 4735 venerabiles
576 4672 707 4750 Fratres,
729 4690 815 4754 quam
830 4671 938 4736 aaarbo
953 4672 1143 4737 eondoirmur
1156 4669 1259 4736 dolors
1273 4672 1410 4737 videntes

139 4772 194 4836 quo
215 4758 368 4823 teterrimo
388 4776 460 4823 sana
481 4758 561 4824 lello
584 4761 902 4827 sanstissimauostra
922 4762 1028 4842 religio
1050 4761 1182 4826 maximo
1204 4778 1271 4825 oum
1292 4762 1410 4824 mima-

139 4858 202 4938 tugt
223 4844 401 4919 detrimento
422 4855 558 4936 vexetur,
592 4850 916 4939 quinquenarius
938 4849 1109 4919 turbinibus
1128 4848 1264 4918 dodanta
1284 4854 1317 4914 at
1336 4846 1411 4913 lasa
